<?xml version="1.0" encoding="UTF-8"?>
<!DOCTYPE html PUBLIC "-//W3C//DTD XHTML 1.0 Transitional//EN"
    "http://www.w3.org/TR/xhtml1/DTD/xhtml1-transitional.dtd">
<html xmlns="http://www.w3.org/1999/xhtml" xml:lang="en" lang="en">
 <head>
  <title>
</title>
<meta http-equiv="Content-Type" content="text/html;charset=utf-8" />
  <meta name='ocr-system' content='tesseract 3.04.00' />
  <meta name='ocr-capabilities' content='ocr_page ocr_carea ocr_par ocr_line ocrx_word'/>
</head>
<body>
  <div class='ocr_page' id='page_1' title='image "./diodoruscurtius00petegoog_0025.png"; bbox 0 0 3030 4950; ppageno 0'>
   <div class='ocr_carea' id='block_1_1' title="bbox 743 347 818 420">
    <p class='ocr_par' dir='ltr' id='par_1_1' title="bbox 743 347 818 420">
     <span class='ocr_line' id='line_1_1' title="bbox 743 347 818 420; baseline -0.013 -9"><span class='ocrx_word' id='word_1_1' title='bbox 743 347 818 420; x_wconf 63' lang='lat'>20,</span> 
     </span>
    </p>
   </div>
   <div class='ocr_carea' id='block_1_2' title="bbox 750 551 789 616">
    <p class='ocr_par' dir='ltr' id='par_1_2' title="bbox 750 551 789 616">
     <span class='ocr_line' id='line_1_2' title="bbox 750 551 789 616; baseline 0 0"><span class='ocrx_word' id='word_1_2' title='bbox 750 551 789 616; x_wconf 80' lang='lat' dir='ltr'>F.</span> 
     </span>
    </p>
   </div>
   <div class='ocr_carea' id='block_1_3' title="bbox 205 684 1365 1186">
    <p class='ocr_par' dir='ltr' id='par_1_3' title="bbox 205 684 1365 1186">
     <span class='ocr_line' id='line_1_3' title="bbox 290 684 1329 773; baseline -0.009 -17"><span class='ocrx_word' id='word_1_3' title='bbox 290 691 375 756; x_wconf 86' lang='lat' dir='ltr'>Tum</span> <span class='ocrx_word' id='word_1_4' title='bbox 405 691 438 755; x_wconf 91' lang='lat' dir='ltr'>in</span> <span class='ocrx_word' id='word_1_5' title='bbox 462 688 649 753; x_wconf 84' lang='lat' dir='ltr'>narratione</span> <span class='ocrx_word' id='word_1_6' title='bbox 675 687 914 773; x_wconf 80' lang='lat' dir='ltr'>expeditionis,</span> <span class='ocrx_word' id='word_1_7' title='bbox 939 687 1035 753; x_wconf 90' lang='lat' dir='ltr'>Susis</span> <span class='ocrx_word' id='word_1_8' title='bbox 1059 684 1272 772; x_wconf 83' lang='lat' dir='ltr'>expugnatis,</span> <span class='ocrx_word' id='word_1_9' title='bbox 1295 684 1329 748; x_wconf 93' lang='lat' dir='ltr'>in</span> 
     </span>
     <span class='ocr_line' id='line_1_4' title="bbox 205 790 1365 878; baseline -0.007 -20"><span class='ocrx_word' id='word_1_10' title='bbox 205 795 396 859; x_wconf 84' lang='lat' dir='ltr'>ulteriorem</span> <span class='ocrx_word' id='word_1_11' title='bbox 415 795 516 859; x_wconf 86' lang='lat' dir='ltr'>Asiae</span> <span class='ocrx_word' id='word_1_12' title='bbox 540 801 669 878; x_wconf 90' lang='lat' dir='ltr'>partem</span> <span class='ocrx_word' id='word_1_13' title='bbox 688 791 797 854; x_wconf 87' lang='lat' dir='ltr'>factae</span> <span class='ocrx_word' id='word_1_14' title='bbox 813 790 909 857; x_wconf 85' lang='lat' dir='ltr'>Curti</span> <span class='ocrx_word' id='word_1_15' title='bbox 926 813 1002 855; x_wconf 93' lang='lat' dir='ltr'>cum</span> <span class='ocrx_word' id='word_1_16' title='bbox 1020 791 1165 855; x_wconf 88' lang='lat' dir='ltr'>Arriano</span> <span class='ocrx_word' id='word_1_17' title='bbox 1189 809 1328 854; x_wconf 87' lang='lat' dir='ltr'>consen·</span> <span class='ocrx_word' id='word_1_18' title='bbox 1363 861 1365 866; x_wconf 22' lang='lat'>¹</span> 
     </span>
     <span class='ocr_line' id='line_1_5' title="bbox 206 889 1329 978; baseline -0.008 -17"><span class='ocrx_word' id='word_1_19' title='bbox 206 919 263 961; x_wconf 91' lang='lat' dir='ltr'>sus</span> <span class='ocrx_word' id='word_1_20' title='bbox 282 897 456 962; x_wconf 87' lang='lat' dir='ltr'>invenitur.</span> <span class='ocrx_word' id='word_1_21' title='bbox 489 894 644 978; x_wconf 87' lang='lat' dir='ltr'>Uterque</span> <span class='ocrx_word' id='word_1_22' title='bbox 667 892 765 973; x_wconf 90' lang='lat' dir='ltr'>enim,</span> <span class='ocrx_word' id='word_1_23' title='bbox 790 892 943 957; x_wconf 89' lang='lat' dir='ltr'>omnibus</span> <span class='ocrx_word' id='word_1_24' title='bbox 963 892 1036 956; x_wconf 89' lang='lat' dir='ltr'>aliis</span> <span class='ocrx_word' id='word_1_25' title='bbox 1054 891 1275 977; x_wconf 83' lang='lat' dir='ltr'>scriptoribus</span> <span class='ocrx_word' id='word_1_26' title='bbox 1289 889 1329 953; x_wconf 91' lang='lat' dir='ltr'>de</span> 
     </span>
     <span class='ocr_line' id='line_1_6' title="bbox 206 993 1329 1080; baseline -0.005 -18"><span class='ocrx_word' id='word_1_27' title='bbox 206 998 267 1063; x_wconf 90' lang='lat' dir='ltr'>hac</span> <span class='ocrx_word' id='word_1_28' title='bbox 280 1022 315 1064; x_wconf 91' lang='lat' dir='ltr'>re</span> <span class='ocrx_word' id='word_1_29' title='bbox 326 998 523 1080; x_wconf 88' lang='lat' dir='ltr'>tacentibus,</span> <span class='ocrx_word' id='word_1_30' title='bbox 543 1009 687 1077; x_wconf 89' lang='lat' dir='ltr'>narrant,</span> <span class='ocrx_word' id='word_1_31' title='bbox 703 993 943 1080; x_wconf 83' lang='lat' dir='ltr'>Sisygambim,</span> <span class='ocrx_word' id='word_1_32' title='bbox 963 994 1045 1058; x_wconf 89' lang='lat' dir='ltr'>Dari</span> <span class='ocrx_word' id='word_1_33' title='bbox 1062 1003 1211 1075; x_wconf 90' lang='lat' dir='ltr'>matrem,</span> <span class='ocrx_word' id='word_1_34' title='bbox 1227 993 1329 1057; x_wconf 87' lang='lat' dir='ltr'>Alex·</span> 
     </span>
     <span class='ocr_line' id='line_1_7' title="bbox 206 1098 921 1186; baseline -0.006 -21"><span class='ocrx_word' id='word_1_35' title='bbox 206 1102 346 1166; x_wconf 87' lang='lat' dir='ltr'>andrum</span> <span class='ocrx_word' id='word_1_36' title='bbox 369 1123 430 1186; x_wconf 94' lang='lat' dir='ltr'>pro</span> <span class='ocrx_word' id='word_1_37' title='bbox 452 1099 551 1166; x_wconf 89' lang='lat' dir='ltr'>Uxiis</span> <span class='ocrx_word' id='word_1_38' title='bbox 571 1099 782 1183; x_wconf 84' lang='lat' dir='ltr'>deprecatam</span> <span class='ocrx_word' id='word_1_39' title='bbox 801 1119 874 1161; x_wconf 91' lang='lat' dir='ltr'>esse</span> <span class='ocrx_word' id='word_1_40' title='bbox 884 1098 921 1180; x_wconf 86' lang='lat'>¹).</span> 
     </span>
    </p>
   </div>
   <div class='ocr_carea' id='block_1_4' title="bbox 744 1301 786 1369">
    <p class='ocr_par' dir='ltr' id='par_1_4' title="bbox 744 1301 786 1369">
     <span class='ocr_line' id='line_1_8' title="bbox 744 1301 786 1369; baseline -0.071 0"><span class='ocrx_word' id='word_1_41' title='bbox 744 1301 786 1369; x_wconf 88' lang='lat' dir='ltr'>G.</span> 
     </span>
    </p>
   </div>
   <div class='ocr_carea' id='block_1_5' title="bbox 205 1455 1330 1751">
    <p class='ocr_par' dir='ltr' id='par_1_5' title="bbox 205 1455 1330 1751">
     <span class='ocr_line' id='line_1_9' title="bbox 292 1455 1330 1546; baseline -0.008 -20"><span class='ocrx_word' id='word_1_42' title='bbox 292 1461 444 1546; x_wconf 90' lang='lat' dir='ltr'>Denique</span> <span class='ocrx_word' id='word_1_43' title='bbox 467 1461 500 1525; x_wconf 90' lang='lat' dir='ltr'>in</span> <span class='ocrx_word' id='word_1_44' title='bbox 525 1459 640 1524; x_wconf 85' lang='lat' dir='ltr'>Curtio</span> <span class='ocrx_word' id='word_1_45' title='bbox 658 1455 828 1543; x_wconf 83' lang='lat' dir='ltr'>angustias</span> <span class='ocrx_word' id='word_1_46' title='bbox 840 1456 989 1522; x_wconf 89' lang='lat' dir='ltr'>Persidis</span> <span class='ocrx_word' id='word_1_47' title='bbox 1009 1457 1049 1520; x_wconf 94' lang='lat' dir='ltr'>ab</span> <span class='ocrx_word' id='word_1_48' title='bbox 1064 1455 1254 1520; x_wconf 88' lang='lat' dir='ltr'>Alexandro</span> <span class='ocrx_word' id='word_1_49' title='bbox 1273 1477 1330 1519; x_wconf 92' lang='lat' dir='ltr'>ex·</span> 
     </span>
     <span class='ocr_line' id='line_1_10' title="bbox 206 1559 1330 1650; baseline -0.005 -22"><span class='ocrx_word' id='word_1_50' title='bbox 206 1573 370 1650; x_wconf 84' lang='lat' dir='ltr'>pugnatas</span> <span class='ocrx_word' id='word_1_51' title='bbox 395 1573 549 1629; x_wconf 84' lang='lat' dir='ltr'>narrante</span> <span class='ocrx_word' id='word_1_52' title='bbox 567 1586 633 1627; x_wconf 89' lang='lat' dir='ltr'>non</span> <span class='ocrx_word' id='word_1_53' title='bbox 653 1581 792 1645; x_wconf 88' lang='lat' dir='ltr'>parvum</span> <span class='ocrx_word' id='word_1_54' title='bbox 811 1581 885 1622; x_wconf 88' lang='lat' dir='ltr'>cum</span> <span class='ocrx_word' id='word_1_55' title='bbox 899 1560 1041 1624; x_wconf 90' lang='lat' dir='ltr'>Arriano</span> <span class='ocrx_word' id='word_1_56' title='bbox 1060 1559 1171 1624; x_wconf 89' lang='lat' dir='ltr'>inveni</span> <span class='ocrx_word' id='word_1_57' title='bbox 1190 1579 1330 1623; x_wconf 90' lang='lat' dir='ltr'>consen·</span> 
     </span>
     <span class='ocr_line' id='line_1_11' title="bbox 205 1660 1244 1751; baseline -0.004 -23"><span class='ocrx_word' id='word_1_58' title='bbox 205 1666 325 1751; x_wconf 59' lang='lat' dir='ltr'>euml).</span> <span class='ocrx_word' id='word_1_59' title='bbox 362 1664 459 1733; x_wconf 84' lang='lat' dir='ltr'>Curti</span> <span class='ocrx_word' id='word_1_60' title='bbox 476 1674 574 1750; x_wconf 88' lang='lat' dir='ltr'>atque</span> <span class='ocrx_word' id='word_1_61' title='bbox 590 1661 725 1729; x_wconf 86' lang='lat' dir='ltr'>Arriani</span> <span class='ocrx_word' id='word_1_62' title='bbox 744 1660 844 1726; x_wconf 88' lang='lat' dir='ltr'>verba</span> <span class='ocrx_word' id='word_1_63' title='bbox 867 1660 984 1735; x_wconf 86' lang='lat' dir='ltr'>afferre</span> <span class='ocrx_word' id='word_1_64' title='bbox 1003 1662 1068 1727; x_wconf 93' lang='lat' dir='ltr'>iam</span> <span class='ocrx_word' id='word_1_65' title='bbox 1091 1661 1172 1727; x_wconf 88' lang='lat' dir='ltr'>satis</span> <span class='ocrx_word' id='word_1_66' title='bbox 1185 1670 1244 1727; x_wconf 87' lang='lat' dir='ltr'>est</span> 
     </span>
    </p>
   </div>
   <div class='ocr_carea' id='block_1_6' title="bbox 205 1778 1332 2380">
    <p class='ocr_par' dir='ltr' id='par_1_6' title="bbox 205 1778 1332 2380">
     <span class='ocr_line' id='line_1_12' title="bbox 293 1778 1332 1881; baseline -0.006 -29"><span class='ocrx_word' id='word_1_67' title='bbox 293 1784 392 1852; x_wconf 88' lang='lat' dir='ltr'>Curt:</span> <span class='ocrx_word' id='word_1_68' title='bbox 409 1786 550 1853; x_wconf 87' lang='lat' dir='ltr'>Cratero</span> <span class='ocrx_word' id='word_1_69' title='bbox 563 1785 665 1871; x_wconf 84' lang='lat' dir='ltr'>igitur</span> <span class='ocrx_word' id='word_1_70' title='bbox 675 1782 727 1881; x_wconf 65' lang='lat' dir='ltr'>ad.</span> <span class='ocrx_word' id='word_1_71' title='bbox 906 1788 993 1847; x_wconf 67' lang='lat' dir='ltr'>Arra</span> <span class='ocrx_word' id='word_1_72' title='bbox 1013 1779 1175 1868; x_wconf 77' lang='grc' dir='ltr'><strong><em>Κράτερον</em></strong></span> <span class='ocrx_word' id='word_1_73' title='bbox 1193 1779 1255 1864; x_wconf 76' lang='grc' dir='ltr'>μὲν</span> <span class='ocrx_word' id='word_1_74' title='bbox 1274 1778 1332 1846; x_wconf 78' lang='grc' dir='ltr'>αὖ·</span> 
     </span>
     <span class='ocr_line' id='line_1_13' title="bbox 207 1881 1329 1970; baseline -0.003 -18"><span class='ocrx_word' id='word_1_75' title='bbox 207 1888 395 1953; x_wconf 90' lang='lat' dir='ltr'>custodiam</span> <span class='ocrx_word' id='word_1_76' title='bbox 404 1897 588 1954; x_wconf 92' lang='lat' dir='ltr'>castrorum</span> <span class='ocrx_word' id='word_1_77' title='bbox 599 1888 716 1953; x_wconf 88' lang='lat' dir='ltr'>relicto</span> <span class='ocrx_word' id='word_1_78' title='bbox 818 1887 877 1952; x_wconf 79' lang='grc' dir='ltr'>τοῦ</span> <span class='ocrx_word' id='word_1_79' title='bbox 903 1888 1087 1953; x_wconf 76' lang='grc' dir='ltr'><strong><em>καταλείπει</em></strong></span> <span class='ocrx_word' id='word_1_80' title='bbox 1119 1881 1173 1948; x_wconf 81' lang='grc' dir='ltr'><strong><em>ε’πὶ</em></strong></span> <span class='ocrx_word' id='word_1_81' title='bbox 1202 1902 1329 1970; x_wconf 78' lang='grc' dir='ltr'><strong><em>στρατο-</em></strong></span> 
     </span>
     <span class='ocr_line' id='line_1_14' title="bbox 208 1984 1331 2079; baseline -0.001 -26"><span class='ocrx_word' id='word_1_82' title='bbox 208 2012 283 2054; x_wconf 92' lang='lat' dir='ltr'>cum</span> <span class='ocrx_word' id='word_1_83' title='bbox 307 1990 487 2074; x_wconf 86' lang='lat' dir='ltr'>peditibus,</span> <span class='ocrx_word' id='word_1_84' title='bbox 511 1991 585 2075; x_wconf 90' lang='lat' dir='ltr'>quis</span> <span class='ocrx_word' id='word_1_85' title='bbox 603 2013 716 2056; x_wconf 89' lang='lat' dir='ltr'>assue-</span> <span class='ocrx_word' id='word_1_86' title='bbox 819 1991 921 2055; x_wconf 79' lang='grc' dir='ltr'><strong><em>πέδου</em></strong></span> <span class='ocrx_word' id='word_1_87' title='bbox 954 1987 1013 2079; x_wconf 72' lang='grc' dir='ltr'>τήν</span> <span class='ocrx_word' id='word_1_88' title='bbox 1043 1989 1079 2056; x_wconf 80' lang='grc' dir='ltr'>δὲ</span> <span class='ocrx_word' id='word_1_89' title='bbox 1109 1986 1208 2054; x_wconf 75' lang='grc' dir='ltr'><strong><em>αὐτοῦ</em></strong></span> <span class='ocrx_word' id='word_1_90' title='bbox 1241 1984 1331 2065; x_wconf 80' lang='grc' dir='ltr'><em>τάξιν</em></span> 
     </span>
     <span class='ocr_line' id='line_1_15' title="bbox 207 2088 1331 2181; baseline -0.001 -27"><span class='ocrx_word' id='word_1_91' title='bbox 207 2100 301 2156; x_wconf 90' lang='lat' dir='ltr'>verat</span> <span class='ocrx_word' id='word_1_92' title='bbox 311 2099 343 2156; x_wconf 86' lang='lat' dir='ltr'>et</span> <span class='ocrx_word' id='word_1_93' title='bbox 354 2091 394 2157; x_wconf 91' lang='lat' dir='ltr'>iis</span> <span class='ocrx_word' id='word_1_94' title='bbox 414 2093 533 2178; x_wconf 84' lang='lat' dir='ltr'>copiis,</span> <span class='ocrx_word' id='word_1_95' title='bbox 549 2116 630 2177; x_wconf 89' lang='lat' dir='ltr'>quas</span> <span class='ocrx_word' id='word_1_96' title='bbox 641 2095 716 2158; x_wconf 90' lang='lat' dir='ltr'>Me·</span> <span class='ocrx_word' id='word_1_97' title='bbox 819 2093 934 2174; x_wconf 80' lang='grc' dir='ltr'><strong><em>ἔχοντα</em></strong></span> <span class='ocrx_word' id='word_1_98' title='bbox 963 2093 1018 2159; x_wconf 83' lang='grc' dir='ltr'>καὶ</span> <span class='ocrx_word' id='word_1_99' title='bbox 1052 2091 1110 2181; x_wconf 73' lang='grc' dir='ltr'>τήν</span> <span class='ocrx_word' id='word_1_100' title='bbox 1137 2088 1331 2175; x_wconf 80' lang='grc' dir='ltr'><strong><em>Μελεάγρου</em></strong></span> 
     </span>
     <span class='ocr_line' id='line_1_16' title="bbox 205 2191 1332 2281; baseline -0.001 -25"><span class='ocrx_word' id='word_1_101' title='bbox 205 2194 318 2278; x_wconf 86' lang='lat' dir='ltr'>leager</span> <span class='ocrx_word' id='word_1_102' title='bbox 331 2194 474 2260; x_wconf 91' lang='lat' dir='ltr'>ducebat</span> <span class='ocrx_word' id='word_1_103' title='bbox 488 2203 521 2259; x_wconf 88' lang='lat' dir='ltr'>et</span> <span class='ocrx_word' id='word_1_104' title='bbox 533 2196 715 2281; x_wconf 85' lang='lat' dir='ltr'>sagittariis</span> <span class='ocrx_word' id='word_1_105' title='bbox 818 2196 872 2262; x_wconf 81' lang='grc' dir='ltr'>καὶ</span> <span class='ocrx_word' id='word_1_106' title='bbox 889 2197 952 2262; x_wconf 79' lang='grc' dir='ltr'>πῶυ</span> <span class='ocrx_word' id='word_1_107' title='bbox 972 2194 1109 2275; x_wconf 82' lang='grc' dir='ltr'><strong><em>τοξάτων</em></strong></span> <span class='ocrx_word' id='word_1_108' title='bbox 1133 2194 1260 2278; x_wconf 79' lang='grc' dir='ltr'><strong><em>ὀλίγους</em></strong></span> <span class='ocrx_word' id='word_1_109' title='bbox 1277 2191 1332 2256; x_wconf 86' lang='grc' dir='ltr'>καὶ</span> 
     </span>
     <span class='ocr_line' id='line_1_17' title="bbox 208 2297 1314 2380; baseline 0.004 -20"><span class='ocrx_word' id='word_1_110' title='bbox 208 2304 241 2360; x_wconf 90' lang='lat' dir='ltr'>et</span> <span class='ocrx_word' id='word_1_111' title='bbox 264 2297 432 2380; x_wconf 87' lang='lat' dir='ltr'>equitibus</span> <span class='ocrx_word' id='word_1_112' title='bbox 456 2306 518 2362; x_wconf 90' lang='lat' dir='ltr'>etc.</span> <span class='ocrx_word' id='word_1_113' title='bbox 820 2300 882 2366; x_wconf 77' lang='grc' dir='ltr'>τῶν</span> <span class='ocrx_word' id='word_1_114' title='bbox 900 2301 1024 2364; x_wconf 68' lang='lat' dir='ltr'>irrasus</span> <span class='ocrx_word' id='word_1_115' title='bbox 1046 2322 1113 2364; x_wconf 83' lang='grc' dir='ltr'><strong>κτα.</strong></span> <span class='ocrx_word' id='word_1_116' title='bbox 1311 2304 1314 2308; x_wconf 68' lang='grc'><strong><em>’</em></strong></span> 
     </span>
    </p>
   </div>
   <div class='ocr_carea' id='block_1_7' title="bbox 205 2415 1376 3841">
    <p class='ocr_par' dir='ltr' id='par_1_7' title="bbox 205 2415 1376 2709">
     <span class='ocr_line' id='line_1_18' title="bbox 291 2415 1330 2504; baseline -0.003 -22"><span class='ocrx_word' id='word_1_117' title='bbox 291 2417 422 2500; x_wconf 81' lang='lat' dir='ltr'>Quibus</span> <span class='ocrx_word' id='word_1_118' title='bbox 442 2440 483 2482; x_wconf 87' lang='lat' dir='ltr'>ex</span> <span class='ocrx_word' id='word_1_119' title='bbox 502 2419 705 2504; x_wconf 83' lang='lat' dir='ltr'>argumentis</span> <span class='ocrx_word' id='word_1_120' title='bbox 720 2421 873 2485; x_wconf 90' lang='lat' dir='ltr'>omnibus</span> <span class='ocrx_word' id='word_1_121' title='bbox 894 2420 975 2486; x_wconf 89' lang='lat' dir='ltr'>satis</span> <span class='ocrx_word' id='word_1_122' title='bbox 994 2426 1144 2504; x_wconf 90' lang='lat' dir='ltr'>apertum</span> <span class='ocrx_word' id='word_1_123' title='bbox 1162 2438 1233 2481; x_wconf 87' lang='lat' dir='ltr'>esse</span> <span class='ocrx_word' id='word_1_124' title='bbox 1249 2415 1330 2479; x_wconf 92' lang='lat' dir='ltr'>mihi</span> 
     </span>
     <span class='ocr_line' id='line_1_19' title="bbox 205 2517 1376 2605; baseline -0.003 -22"><span class='ocrx_word' id='word_1_125' title='bbox 205 2519 347 2604; x_wconf 81' lang='lat' dir='ltr'>ridetur,</span> <span class='ocrx_word' id='word_1_126' title='bbox 368 2520 520 2585; x_wconf 88' lang='lat' dir='ltr'>Curtium</span> <span class='ocrx_word' id='word_1_127' title='bbox 543 2529 673 2605; x_wconf 90' lang='lat' dir='ltr'>praeter</span> <span class='ocrx_word' id='word_1_128' title='bbox 697 2521 905 2587; x_wconf 88' lang='lat' dir='ltr'>Clitarchum</span> <span class='ocrx_word' id='word_1_129' title='bbox 925 2523 1016 2586; x_wconf 88' lang='lat' dir='ltr'>fonte</span> <span class='ocrx_word' id='word_1_130' title='bbox 1036 2520 1179 2604; x_wconf 92' lang='lat' dir='ltr'>quodam</span> <span class='ocrx_word' id='word_1_131' title='bbox 1196 2517 1330 2584; x_wconf 90' lang='lat' dir='ltr'>Arriani</span> <span class='ocrx_word' id='word_1_132' title='bbox 1374 2539 1376 2546; x_wconf 72' lang='grc'>’</span> 
     </span>
     <span class='ocr_line' id='line_1_20' title="bbox 207 2623 1221 2709; baseline -0.002 -23"><span class='ocrx_word' id='word_1_133' title='bbox 207 2644 302 2686; x_wconf 90' lang='lat' dir='ltr'>usum</span> <span class='ocrx_word' id='word_1_134' title='bbox 321 2645 403 2686; x_wconf 87' lang='lat' dir='ltr'>esse.</span> <span class='ocrx_word' id='word_1_135' title='bbox 444 2624 556 2706; x_wconf 89' lang='lat' dir='ltr'>Atque</span> <span class='ocrx_word' id='word_1_136' title='bbox 580 2623 654 2707; x_wconf 93' lang='lat' dir='ltr'>quis</span> <span class='ocrx_word' id='word_1_137' title='bbox 677 2623 778 2688; x_wconf 90' lang='lat' dir='ltr'>fuerit</span> <span class='ocrx_word' id='word_1_138' title='bbox 801 2625 888 2708; x_wconf 88' lang='lat' dir='ltr'>fons,</span> <span class='ocrx_word' id='word_1_139' title='bbox 913 2624 1115 2709; x_wconf 90' lang='lat' dir='ltr'>probaturus</span> <span class='ocrx_word' id='word_1_140' title='bbox 1138 2644 1221 2686; x_wconf 91' lang='lat' dir='ltr'>sum.</span> 
     </span>
    </p>

    <p class='ocr_par' dir='ltr' id='par_1_8' title="bbox 205 2711 1331 3512">
     <span class='ocr_line' id='line_1_21' title="bbox 292 2711 1329 2811; baseline -0.006 -20"><span class='ocrx_word' id='word_1_141' title='bbox 292 2724 376 2791; x_wconf 87' lang='lat' dir='ltr'>Cum</span> <span class='ocrx_word' id='word_1_142' title='bbox 408 2726 570 2790; x_wconf 89' lang='lat' dir='ltr'>Arrianus</span> <span class='ocrx_word' id='word_1_143' title='bbox 598 2726 631 2790; x_wconf 91' lang='lat' dir='ltr'>in</span> <span class='ocrx_word' id='word_1_144' title='bbox 657 2727 863 2811; x_wconf 87' lang='lat' dir='ltr'>praefatione</span> <span class='ocrx_word' id='word_1_145' title='bbox 890 2728 1000 2810; x_wconf 89' lang='lat' dir='ltr'>dicat,</span> <span class='ocrx_word' id='word_1_146' title='bbox 1024 2749 1059 2790; x_wconf 91' lang='lat' dir='ltr'>se</span> <span class='ocrx_word' id='word_1_147' title='bbox 1078 2748 1162 2809; x_wconf 89' lang='lat' dir='ltr'>quae</span> <span class='ocrx_word' id='word_1_148' title='bbox 1190 2724 1230 2788; x_wconf 90' lang='lat' dir='ltr'>ab</span> <span class='ocrx_word' id='word_1_149' title='bbox 1256 2711 1329 2786; x_wconf 84' lang='lat' dir='ltr'>aliis</span> 
     </span>
     <span class='ocr_line' id='line_1_22' title="bbox 207 2828 1330 2915; baseline -0.003 -24"><span class='ocrx_word' id='word_1_150' title='bbox 207 2828 359 2892; x_wconf 90' lang='lat' dir='ltr'>fontibus</span> <span class='ocrx_word' id='word_1_151' title='bbox 378 2837 509 2913; x_wconf 89' lang='lat' dir='ltr'>praeter</span> <span class='ocrx_word' id='word_1_152' title='bbox 522 2829 749 2896; x_wconf 85' lang='lat' dir='ltr'>Ptolemaeum</span> <span class='ocrx_word' id='word_1_153' title='bbox 768 2838 867 2915; x_wconf 89' lang='lat' dir='ltr'>atque</span> <span class='ocrx_word' id='word_1_154' title='bbox 883 2829 1114 2895; x_wconf 90' lang='lat' dir='ltr'>Aristobulum</span> <span class='ocrx_word' id='word_1_155' title='bbox 1134 2834 1245 2893; x_wconf 87' lang='lat' dir='ltr'>essent</span> <span class='ocrx_word' id='word_1_156' title='bbox 1262 2834 1330 2889; x_wconf 91' lang='lat' dir='ltr'>tra·</span> 
     </span>
     <span class='ocr_line' id='line_1_23' title="bbox 207 2927 1331 3017; baseline -0.004 -23"><span class='ocrx_word' id='word_1_157' title='bbox 207 2930 287 3014; x_wconf 85' lang='lat' dir='ltr'>dita,</span> <span class='ocrx_word' id='word_1_158' title='bbox 325 2927 391 3014; x_wconf 69' lang='lat' dir='ltr'>„uir</span> <span class='ocrx_word' id='word_1_159' title='bbox 424 2928 605 3016; x_wconf 61' lang='lat' dir='ltr'>serapam</span> <span class='ocrx_word' id='word_1_160' title='bbox 637 2933 867 2998; x_wconf 89' lang='lat' dir='ltr'>tantummodo</span> <span class='ocrx_word' id='word_1_161' title='bbox 900 2931 1157 3017; x_wconf 79' lang='lat' dir='ltr'>conscripsisse,</span> <span class='ocrx_word' id='word_1_162' title='bbox 1199 2934 1331 2994; x_wconf 88' lang='lat' dir='ltr'>constat</span> 
     </span>
     <span class='ocr_line' id='line_1_24' title="bbox 207 3029 1331 3113; baseline -0.005 -15"><span class='ocrx_word' id='word_1_163' title='bbox 207 3032 361 3098; x_wconf 87' lang='lat' dir='ltr'>Curtium</span> <span class='ocrx_word' id='word_1_164' title='bbox 379 3043 436 3097; x_wconf 90' lang='lat' dir='ltr'>aut</span> <span class='ocrx_word' id='word_1_165' title='bbox 447 3035 638 3102; x_wconf 88' lang='lat' dir='ltr'>Ptolemaeo</span> <span class='ocrx_word' id='word_1_166' title='bbox 657 3045 714 3101; x_wconf 93' lang='lat' dir='ltr'>aut</span> <span class='ocrx_word' id='word_1_167' title='bbox 725 3034 922 3100; x_wconf 89' lang='lat' dir='ltr'>Aristobulo</span> <span class='ocrx_word' id='word_1_168' title='bbox 939 3057 1034 3099; x_wconf 92' lang='lat' dir='ltr'>usum</span> <span class='ocrx_word' id='word_1_169' title='bbox 1048 3056 1137 3113; x_wconf 84' lang='lat' dir='ltr'>esse3</span> <span class='ocrx_word' id='word_1_170' title='bbox 1156 3056 1232 3096; x_wconf 91' lang='lat' dir='ltr'>nam</span> <span class='ocrx_word' id='word_1_171' title='bbox 1249 3029 1331 3095; x_wconf 91' lang='lat' dir='ltr'>nulli</span> 
     </span>
     <span class='ocr_line' id='line_1_25' title="bbox 205 3131 1330 3225; baseline -0.004 -26"><span class='ocrx_word' id='word_1_172' title='bbox 205 3134 281 3200; x_wconf 90' lang='lat' dir='ltr'>loeo</span> <span class='ocrx_word' id='word_1_173' title='bbox 305 3145 379 3200; x_wconf 83' lang='lat' dir='ltr'>cum</span> <span class='ocrx_word' id='word_1_174' title='bbox 403 3131 521 3203; x_wconf 77' lang='lat' dir='ltr'>Curtio</span> <span class='ocrx_word' id='word_1_175' title='bbox 540 3140 747 3225; x_wconf 84' lang='lat' dir='ltr'>congruenti,</span> <span class='ocrx_word' id='word_1_176' title='bbox 773 3138 866 3203; x_wconf 91' lang='lat' dir='ltr'>cuius</span> <span class='ocrx_word' id='word_1_177' title='bbox 888 3137 1089 3202; x_wconf 88' lang='lat' dir='ltr'>mentionem</span> <span class='ocrx_word' id='word_1_178' title='bbox 1111 3135 1188 3218; x_wconf 89' lang='lat' dir='ltr'>feci,</span> <span class='ocrx_word' id='word_1_179' title='bbox 1215 3133 1330 3198; x_wconf 88' lang='lat' dir='ltr'>Arria·</span> 
     </span>
     <span class='ocr_line' id='line_1_26' title="bbox 206 3234 1329 3325; baseline -0.003 -24"><span class='ocrx_word' id='word_1_180' title='bbox 206 3259 268 3301; x_wconf 89' lang='lat' dir='ltr'>nus</span> <span class='ocrx_word' id='word_1_181' title='bbox 287 3240 389 3310; x_wconf 89' lang='lat' dir='ltr'>verba</span> <span class='ocrx_word' id='word_1_182' title='bbox 405 3236 611 3323; x_wconf 82' lang='grc' dir='ltr'><strong><em>,,λεγόμευα“</em></strong></span> <span class='ocrx_word' id='word_1_183' title='bbox 631 3241 683 3306; x_wconf 88' lang='lat' dir='ltr'>vel</span> <span class='ocrx_word' id='word_1_184' title='bbox 700 3242 874 3325; x_wconf 78' lang='grc' dir='ltr'><strong><em>,,λε’γουσυ“</em></strong></span> <span class='ocrx_word' id='word_1_185' title='bbox 893 3236 1215 3323; x_wconf 75' lang='grc' dir='ltr'><strong><em>υε1,,λόγοςὲστίυ“,</em></strong></span> <span class='ocrx_word' id='word_1_186' title='bbox 1235 3234 1329 3300; x_wconf 90' lang='lat' dir='ltr'>addi-</span> 
     </span>
     <span class='ocr_line' id='line_1_27' title="bbox 207 3339 1329 3425; baseline -0.003 -20"><span class='ocrx_word' id='word_1_187' title='bbox 207 3339 265 3405; x_wconf 87' lang='lat' dir='ltr'>dit.</span> <span class='ocrx_word' id='word_1_188' title='bbox 297 3341 382 3406; x_wconf 84' lang='lat' dir='ltr'>Oum</span> <span class='ocrx_word' id='word_1_189' title='bbox 405 3341 452 3405; x_wconf 92' lang='lat' dir='ltr'>ita</span> <span class='ocrx_word' id='word_1_190' title='bbox 471 3365 577 3409; x_wconf 89' lang='lat' dir='ltr'>seres</span> <span class='ocrx_word' id='word_1_191' title='bbox 596 3343 726 3425; x_wconf 90' lang='lat' dir='ltr'>habeat,</span> <span class='ocrx_word' id='word_1_192' title='bbox 746 3342 973 3409; x_wconf 91' lang='lat' dir='ltr'>tautummodo</span> <span class='ocrx_word' id='word_1_193' title='bbox 985 3342 1122 3407; x_wconf 90' lang='lat' dir='ltr'>dubium</span> <span class='ocrx_word' id='word_1_194' title='bbox 1145 3348 1207 3423; x_wconf 92' lang='lat' dir='ltr'>est,</span> <span class='ocrx_word' id='word_1_195' title='bbox 1220 3346 1329 3404; x_wconf 90' lang='lat' dir='ltr'>utrum</span> 
     </span>
     <span class='ocr_line' id='line_1_28' title="bbox 207 3430 1130 3512; baseline 0.002 -6"><span class='ocrx_word' id='word_1_196' title='bbox 207 3441 344 3507; x_wconf 87' lang='lat' dir='ltr'>Curtius</span> <span class='ocrx_word' id='word_1_197' title='bbox 364 3443 557 3510; x_wconf 86' lang='lat' dir='ltr'>Ptolemaeo</span> <span class='ocrx_word' id='word_1_198' title='bbox 576 3469 619 3510; x_wconf 92' lang='lat' dir='ltr'>an</span> <span class='ocrx_word' id='word_1_199' title='bbox 641 3446 819 3512; x_wconf 90' lang='lat' dir='ltr'>Aritobulo</span> <span class='ocrx_word' id='word_1_200' title='bbox 839 3468 918 3510; x_wconf 91' lang='lat' dir='ltr'>usus</span> <span class='ocrx_word' id='word_1_201' title='bbox 943 3444 996 3510; x_wconf 89' lang='lat' dir='ltr'>sit.</span> <span class='ocrx_word' id='word_1_202' title='bbox 1129 3430 1130 3437; x_wconf 8' lang='grc' dir='ltr'>ἵ</span> 
     </span>
    </p>

    <p class='ocr_par' dir='ltr' id='par_1_9' title="bbox 206 3543 1330 3841">
     <span class='ocr_line' id='line_1_29' title="bbox 287 3543 1329 3633; baseline -0.002 -23"><span class='ocrx_word' id='word_1_203' title='bbox 287 3545 325 3611; x_wconf 87' lang='lat' dir='ltr'>Si</span> <span class='ocrx_word' id='word_1_204' title='bbox 350 3553 383 3610; x_wconf 90' lang='lat' dir='ltr'>et</span> <span class='ocrx_word' id='word_1_205' title='bbox 406 3546 590 3613; x_wconf 87' lang='lat' dir='ltr'>Ptolemaei</span> <span class='ocrx_word' id='word_1_206' title='bbox 614 3556 647 3613; x_wconf 89' lang='lat' dir='ltr'>et</span> <span class='ocrx_word' id='word_1_207' title='bbox 674 3547 862 3614; x_wconf 90' lang='lat' dir='ltr'>Aristobuli</span> <span class='ocrx_word' id='word_1_208' title='bbox 895 3547 1081 3633; x_wconf 82' lang='lat' dir='ltr'>fragmenta</span> <span class='ocrx_word' id='word_1_209' title='bbox 1107 3543 1329 3631; x_wconf 85' lang='lat' dir='ltr'>perspexeris,</span> 
     </span>
     <span class='ocr_line' id='line_1_30' title="bbox 206 3646 1329 3736; baseline -0.001 -26"><span class='ocrx_word' id='word_1_210' title='bbox 206 3646 299 3711; x_wconf 92' lang='lat' dir='ltr'>illum</span> <span class='ocrx_word' id='word_1_211' title='bbox 330 3670 383 3712; x_wconf 91' lang='lat' dir='ltr'>res</span> <span class='ocrx_word' id='word_1_212' title='bbox 407 3648 447 3713; x_wconf 90' lang='lat' dir='ltr'>ab</span> <span class='ocrx_word' id='word_1_213' title='bbox 467 3650 658 3716; x_wconf 91' lang='lat' dir='ltr'>Alexandro</span> <span class='ocrx_word' id='word_1_214' title='bbox 678 3659 807 3736; x_wconf 86' lang='lat' dir='ltr'>gestas,</span> <span class='ocrx_word' id='word_1_215' title='bbox 839 3650 1086 3735; x_wconf 85' lang='lat' dir='ltr'>expeditiones,</span> <span class='ocrx_word' id='word_1_216' title='bbox 1105 3647 1248 3733; x_wconf 87' lang='lat' dir='ltr'>proelia,</span> <span class='ocrx_word' id='word_1_217' title='bbox 1276 3668 1329 3711; x_wconf 89' lang='lat' dir='ltr'>res</span> 
     </span>
     <span class='ocr_line' id='line_1_31' title="bbox 206 3749 1330 3841; baseline -0.002 -27"><span class='ocrx_word' id='word_1_218' title='bbox 206 3749 343 3815; x_wconf 91' lang='lat' dir='ltr'>bellicas</span> <span class='ocrx_word' id='word_1_219' title='bbox 368 3766 532 3836; x_wconf 84' lang='lat' dir='ltr'>narrasse,</span> <span class='ocrx_word' id='word_1_220' title='bbox 556 3752 643 3831; x_wconf 83' lang='lat' dir='ltr'>hune</span> <span class='ocrx_word' id='word_1_221' title='bbox 665 3753 846 3841; x_wconf 89' lang='lat' dir='ltr'>praecipue</span> <span class='ocrx_word' id='word_1_222' title='bbox 870 3761 987 3835; x_wconf 88' lang='lat' dir='ltr'>terras,</span> <span class='ocrx_word' id='word_1_223' title='bbox 1009 3750 1165 3838; x_wconf 92' lang='lat' dir='ltr'>populos,</span> <span class='ocrx_word' id='word_1_224' title='bbox 1188 3749 1330 3835; x_wconf 89' lang='lat' dir='ltr'>plantas,</span> 
     </span>
    </p>
   </div>
   <div class='ocr_carea' id='block_1_8' title="bbox 207 4025 1330 4264">
    <p class='ocr_par' dir='ltr' id='par_1_10' title="bbox 207 4025 1330 4264">
     <span class='ocr_line' id='line_1_32' title="bbox 293 4025 1330 4095; baseline -0.005 -16"><span class='ocrx_word' id='word_1_225' title='bbox 293 4025 313 4095; x_wconf 75' lang='lat'>¹)</span> <span class='ocrx_word' id='word_1_226' title='bbox 330 4029 407 4079; x_wconf 86' lang='lat' dir='ltr'>Hanc</span> <span class='ocrx_word' id='word_1_227' title='bbox 426 4029 603 4080; x_wconf 86' lang='lat' dir='ltr'>narrationem</span> <span class='ocrx_word' id='word_1_228' title='bbox 621 4043 638 4079; x_wconf 86' lang='lat' dir='ltr'>a</span> <span class='ocrx_word' id='word_1_229' title='bbox 656 4028 747 4080; x_wconf 84' lang='lat' dir='ltr'>Curtio</span> <span class='ocrx_word' id='word_1_230' title='bbox 769 4043 802 4080; x_wconf 88' lang='lat' dir='ltr'>ex</span> <span class='ocrx_word' id='word_1_231' title='bbox 820 4029 893 4080; x_wconf 81' lang='lat' dir='ltr'>fonte</span> <span class='ocrx_word' id='word_1_232' title='bbox 921 4029 1029 4080; x_wconf 81' lang='lat' dir='ltr'>Arriani</span> <span class='ocrx_word' id='word_1_233' title='bbox 1056 4027 1175 4077; x_wconf 79' lang='lat' dir='ltr'>haustam</span> <span class='ocrx_word' id='word_1_234' title='bbox 1203 4039 1268 4088; x_wconf 85' lang='lat' dir='ltr'>esse,</span> <span class='ocrx_word' id='word_1_235' title='bbox 1297 4037 1330 4074; x_wconf 85' lang='lat' dir='ltr'>ex</span> 
     </span>
     <span class='ocr_line' id='line_1_33' title="bbox 207 4105 1330 4182; baseline -0.002 -19"><span class='ocrx_word' id='word_1_236' title='bbox 207 4114 323 4164; x_wconf 78' lang='lat' dir='ltr'>Arriano</span> <span class='ocrx_word' id='word_1_237' title='bbox 342 4116 405 4164; x_wconf 89' lang='lat' dir='ltr'>satis</span> <span class='ocrx_word' id='word_1_238' title='bbox 424 4116 535 4179; x_wconf 87' lang='lat' dir='ltr'>perspici</span> <span class='ocrx_word' id='word_1_239' title='bbox 553 4105 650 4180; x_wconf 44' lang='lat' dir='ltr'>potest,</span> <span class='ocrx_word' id='word_1_240' title='bbox 666 4115 697 4165; x_wconf 82' lang='lat' dir='ltr'>el.</span> <span class='ocrx_word' id='word_1_241' title='bbox 716 4131 740 4180; x_wconf 89' lang='lat' dir='ltr'>p.</span> <span class='ocrx_word' id='word_1_242' title='bbox 759 4112 801 4178; x_wconf 80' lang='lat'>21,</span> <span class='ocrx_word' id='word_1_243' title='bbox 819 4113 854 4182; x_wconf 75' lang='lat'>2).</span> <span class='ocrx_word' id='word_1_244' title='bbox 885 4116 1008 4166; x_wconf 83' lang='lat' dir='ltr'>Attamen</span> <span class='ocrx_word' id='word_1_245' title='bbox 1027 4112 1078 4163; x_wconf 91' lang='lat' dir='ltr'>hoc</span> <span class='ocrx_word' id='word_1_246' title='bbox 1097 4113 1155 4162; x_wconf 91' lang='lat' dir='ltr'>loeo</span> <span class='ocrx_word' id='word_1_247' title='bbox 1174 4118 1330 4175; x_wconf 82' lang='lat' dir='ltr'>argumenta</span> 
     </span>
     <span class='ocr_line' id='line_1_34' title="bbox 207 4200 744 4264; baseline 0.007 -16"><span class='ocrx_word' id='word_1_248' title='bbox 207 4200 253 4248; x_wconf 85' lang='lat' dir='ltr'>illa</span> <span class='ocrx_word' id='word_1_249' title='bbox 271 4215 323 4249; x_wconf 90' lang='lat' dir='ltr'>non</span> <span class='ocrx_word' id='word_1_250' title='bbox 342 4200 529 4264; x_wconf 85' lang='lat' dir='ltr'>praecipienda</span> <span class='ocrx_word' id='word_1_251' title='bbox 547 4216 604 4250; x_wconf 84' lang='lat' dir='ltr'>esse</span> <span class='ocrx_word' id='word_1_252' title='bbox 623 4201 744 4253; x_wconf 88' lang='lat' dir='ltr'>arbitror.</span> 
     </span>
    </p>
   </div>
   <div class='ocr_carea' id='block_1_9' title="bbox 292 4297 958 4376">
    <p class='ocr_par' dir='ltr' id='par_1_11' title="bbox 292 4297 958 4376">
     <span class='ocr_line' id='line_1_35' title="bbox 292 4297 958 4376; baseline 0.005 -25"><span class='ocrx_word' id='word_1_253' title='bbox 292 4298 315 4376; x_wconf 55' lang='grc' dir='ltr'>ἵ)</span> <span class='ocrx_word' id='word_1_254' title='bbox 335 4302 368 4352; x_wconf 82' lang='lat' dir='ltr'>cf.</span> <span class='ocrx_word' id='word_1_255' title='bbox 388 4301 460 4357; x_wconf 83' lang='lat' dir='ltr'>Cart.</span> <span class='ocrx_word' id='word_1_256' title='bbox 478 4301 511 4352; x_wconf 88' lang='lat' dir='ltr'>V.</span> <span class='ocrx_word' id='word_1_257' title='bbox 529 4319 551 4353; x_wconf 89' lang='lat' dir='ltr'>e.</span> <span class='ocrx_word' id='word_1_258' title='bbox 569 4299 586 4352; x_wconf 84' lang='lat'>4</span> <span class='ocrx_word' id='word_1_259' title='bbox 603 4302 618 4368; x_wconf 65' lang='grc' dir='ltr'><strong>ξ</strong></span> <span class='ocrx_word' id='word_1_260' title='bbox 635 4298 675 4354; x_wconf 83' lang='grc'>14.</span> <span class='ocrx_word' id='word_1_261' title='bbox 695 4304 755 4354; x_wconf 82' lang='lat' dir='ltr'>Arr.</span> <span class='ocrx_word' id='word_1_262' title='bbox 773 4301 817 4352; x_wconf 92' lang='lat'>111</span> <span class='ocrx_word' id='word_1_263' title='bbox 834 4318 857 4356; x_wconf 83' lang='lat' dir='ltr'>c.</span> <span class='ocrx_word' id='word_1_264' title='bbox 875 4299 916 4364; x_wconf 86' lang='lat'>18,</span> <span class='ocrx_word' id='word_1_265' title='bbox 933 4297 958 4354; x_wconf 64' lang='lat'>4</span> 
     </span>
    </p>
   </div>
   <div class='ocr_carea' id='block_1_10' title="bbox 0 0 1521 4950">
    <p class='ocr_par' dir='ltr' id='par_1_12' title="bbox 0 0 1521 4950">
     <span class='ocr_line' id='line_1_36' title="bbox 0 0 1521 4950; baseline 0 0"><span class='ocrx_word' id='word_1_266' title='bbox 0 0 1521 4950; x_wconf 95' lang='lat' dir='ltr'> </span> 
     </span>
    </p>
   </div>
  </div>
 </body>
</html>
