3030 4950
693 348 791 414 >28

208 553 328 640 psisse,
359 576 459 638 supra
482 555 634 639 exposui,
665 553 767 622 multa
786 563 988 640 congruunt,
1018 553 1138 640 quibus
1165 553 1327 621 Arrianus

208 657 336 722 addidit
354 657 454 722 verba
475 651 746 740 ,,ο1ςλεγόμενα“
772 656 834 738 vel,
858 679 942 741 quae
967 657 1104 721 eandem
1123 657 1188 721 vim
1205 656 1329 721 habent
1408 647 1411 655 ’

206 752 370 842 ,,λέγονσι,
400 761 533 842 λέγεται,
562 756 657 842 λόγος
685 757 781 842 ἐστίν,
808 757 902 842 λόγος
934 761 1092 840 κατέχειίί.
1134 759 1327 826 Cuiusmodi

205 861 298 928 locos
316 874 383 928 tres
407 862 635 937 tantummodo
655 862 799 945 afferam,
820 862 941 947 quibus
960 864 1125 927 Arrianus
1141 865 1177 927 'et
1193 862 1326 928 ,Diodo-

206 987 262 1030 rus
292 988 358 1030 nou
385 966 483 1030 modo
512 966 644 1032 easdem
675 966 864 1049 sententias,
890 967 950 1032 sed
970 968 1065 1031 etiam
1090 967 1204 1032 eadem
1228 967 1328 1032 verba

205 1068 512 1152 transscripserunt.

290 1179 321 1248 a)
339 1171 380 1236 Iu
399 1172 588 1236 narratione
611 1171 650 1235 do
665 1168 841 1236 Alexando
854 1169 1109 1256 Hellespontum
1134 1179 1325 1237 transeunte

205 1284 238 1336 et
261 1274 301 1339 de
326 1276 423 1339 rebus
447 1275 487 1339 ab
512 1298 551 1338 eo
576 1274 716 1359 primum
741 1275 772 1337 in
795 1274 878 1338 Asia
900 1274 1001 1360 gestis
1027 1274 1191 1340 Arrianus
1213 1274 1325 1360 plures

204 1376 356 1441 adhibuit
378 1377 499 1458 fontes,
523 1399 619 1462 quos,
643 1376 902 1457 νενοὶελέγονσι
928 1374 978 1440 vel
1005 1374 1048 1448 ὥς
1077 1373 1173 1459 λόγος
1192 1375 1324 1459 additis,

204 1503 311 1564 neque
331 1480 556 1544 Ptolemaeum
581 1501 687 1563 neque
700 1478 931 1542 Aristobulum
952 1499 1034 1561 esse,
1059 1479 1139 1543 satis
1152 1481 1324 1560 constan).

203 1582 295 1646 Inter
319 1605 402 1666 quos
426 1581 535 1646 fontes
561 1579 743 1646 seeundum
769 1578 808 1643 ab
833 1580 974 1643 Arriano
998 1580 1100 1644 verbo
1124 1581 1251 1663 λέγουσι
1274 1583 1324 1645 in-

202 1687 393 1749 troductum
417 1693 553 1770 propter
578 1706 630 1747 res
660 1705 733 1746 oum
756 1681 898 1746 Diodori
919 1682 1106 1747 narratione
1129 1684 1226 1768 plane
1246 1706 1325 1748 eon-

203 1787 385 1852 sentientes
410 1785 614 1850 Clit-arohum
640 1806 731 1867 esse,
760 1784 1041 1849 veresimillimum
1067 1798 1126 1850 est.
1163 1787 1324 1854 Arrianus

203 1890 290 1954 euim
314 1892 376 1952 hoe
394 1888 470 1952 loeo
491 1911 593 1972 aeque
615 1911 652 1950 ao
676 1887 848 1952 Diodorus
867 1900 987 1972 narrat,
1009 1889 1234 1954 Alexandrum
1258 1891 1324 1976 pri-

203 2015 290 2056 mum
325 2014 365 2055 ex
401 2013 483 2054 navo
516 1990 549 2053 in
587 1989 686 2054 Asiae
727 1999 849 2054 terram
886 1991 1115 2075 descendisse,
1152 1978 1324 2060 Minervae

201 2095 340 2161 Troieae
369 2093 585 2173 sacrificasse,
613 2092 711 2157 armis
738 2092 807 2179 suis
831 2094 865 2156 iu
889 2094 960 2158 eius
986 2094 1110 2180 templo
1129 2095 1214 2179 lixis,
1235 2119 1325 2161 arma

200 2199 395 2283 sumpsisse,
427 2219 510 2282 quae
539 2219 579 2260 ex
602 2195 747 2259 Troiano
774 2193 862 2259 bello
891 2217 995 2279 usque
1023 2197 1065 2261 ad
1088 2197 1170 2261 illud
1196 2207 1325 2284 tempus

200 2300 344 2366 fuissent
363 2299 463 2366 salva.
481 2298 594 2363 Etiam
612 2298 728 2362 iisdem
750 2298 859 2363 verbis
878 2306 1026 2364 utuntur.

262 2424 336 2487 Arr.
345 2446 352 2484 :
362 2420 401 2509 τῇ
417 2441 451 2485 τε
464 2416 583 2506 Ἀθηνᾷ
594 2417 707 2483 θῦσαι.

261 2627 352 2691 Ara:
370 2625 429 2715 την
449 2626 635 2692 πανοπλίαν
650 2621 709 2711 την

199 2727 300 2796 αὑτοῦ
315 2727 491 2795 α’ναθείναι
507 2754 535 2792 ιι.
553 2750 577 2792 τ.
598 2751 627 2793 α.

285 2833 319 2917 b)
348 2832 448 2896 Diod.
477 2855 504 2896 ο.
533 2833 587 2896 37:
628 2828 647 2896 ό
673 2828 710 2895 δέ

196 2933 345 3021 βασιλεός
378 2931 434 3020 ἅμ’
466 2933 573 3023 ἡμέρη
601 2930 709 3018 λαβών

198 3038 263 3105 ἕνα
301 3040 373 3105 των
413 3040 536 3124 φίλων
581 3087 588 3101 .
624 3089 631 3103 .
663 3088 671 3103 .
701 3089 708 3103 .

195 3140 467 3226 Ἡφαιστίωνα
518 3144 709 3230 παρῆλθε

196 3242 277 3329 πρός
298 3242 352 3317 τοὶς
375 3251 535 3328 γυναῖκας.
570 3243 709 3325 ἐχόντων

196 3345 224 3411 ό
226 3347 416 3433 ἀμφοτέρων
453 3349 598 3435 ἐσθῆτας
646 3346 707 3430 μὲν

196 3449 393 3538 ὁμοίας,τῴ
410 3455 573 3534 μεγέθει
594 3449 634 3517 δέ
655 3451 709 3516 καὶ

196 3549 308 3619 κοίλλει
360 3557 597 3639 προέχοντος
640 3556 709 3619 τοῦ

193 3653 489 3739 Ἡφαιστίωνος,
527 3654 549 3744 η
589 3651 706 3721 Σισό-

194 3765 335 3844 γαμβις
356 3761 470 3825 τοῦτον
494 3757 709 3844 ὑπολαβοῦσα

194 3849 278 3928 εἶναι
324 3859 379 3928 τόν
422 3863 557 3948 βασιλέα
591 3878 707 3946 προσ-

193 3961 395 4051 εκύνησεν.
497 3961 709 4029 διανευόντων

193 4064 305 4156 δἀότῇ
344 4069 415 4134 τῶν
459 4064 709 4152 παρεστώτων

197 4229 400 4236 ——--—.--.-.

896 2419 1012 2484 Diod:
1040 2421 1079 2508 τῇ
1105 2419 1167 2503 μὲν
1205 2421 1324 2510 Ἀθηνᾷ

811 2519 983 2588 ἀπετέλεσε
999 2525 1121 2589 θυσίαν
1142 2549 1170 2588 κ.
1192 2549 1218 2591 τ.
1237 2548 1268 2590 α.

891 2622 1324 2709 Βίοά.ετόμε“νίδίονόπλον
1388 2613 1390 2618 ⁴

811 2722 984 2814 ἀνέθηκεν.

899 2830 1160 2914 a'rr.11.c.12,
1184 2833 1203 2896 6
1230 2851 1262 2896 et
1289 2835 1323 2898 λε

810 2930 923 3016 λόγος
949 2933 989 3000 δέ
1021 2933 1100 3015 ἔχει
1136 2936 1190 3000 καὶ
1225 2931 1323 3002 αὐτόν

809 3035 1014 3120 Ἀλέξανδρον
1074 3041 1111 3127 τῇ
1169 3035 1320 3126 ὑστεραίᾳ

811 3139 1028 3222 παρελξθείν
1104 3140 1179 3205 είσω
1256 3140 1325 3219 ξύν

808 3240 1058 3326 Ἡφαιστίωνι
1105 3241 1211 3330 μόνῳ
1251 3245 1322 3312 τοῖν

809 3347 975 3429 ἑταίρων.
1009 3345 1063 3410 καὶ
1094 3344 1156 3434 την
1197 3350 1321 3434 μητέρα

809 3447 1033 3535 τηνΛαρείοο,
1052 3447 1323 3537 α’μφιγνοήσασαν

811 3545 896 3624 ὅστις
914 3550 933 3616 o‘
955 3551 1104 3637 βασιλεύς
1123 3553 1173 3640 εἴη
1198 3550 1321 3634 αότοίν,

810 3650 968 3719 ἐστάλθαι
984 3653 1043 3740 γαρ
1062 3652 1158 3740 ἄμφω
1175 3656 1221 3742 τρῖ
1239 3651 1323 3742 αότηῖ

810 3749 1323 3845 κόσμη,τηνόε“Ηφαιστίωνι

810 3861 1062 3944 προςελθείν,
1098 3862 1163 3927 καὶ
1203 3884 1320 3946 προς-

810 3957 1055 4051 κννησαι,ότι
1065 3967 1206 4046 μείζων
1224 3958 1322 4052 αὐτῇ

812 4064 934 4153 ἐφάνη
965 4065 1123 4140 ἐκεῖνος.
1158 4064 1200 4141 οἷς
1234 4065 1269 4133 δὲ
1303 4065 1322 4132 ὅ

261 4308 282 4380 ¹)
302 4313 336 4362 of.
355 4312 416 4362 Arr.
434 4309 456 4365 1.
476 4326 497 4360 e.
518 4305 557 4359 11.
576 4309 591 4375 §
608 4305 675 4361 6—8
694 4316 720 4359 et
738 4325 759 4360 ο.
778 4305 819 4381 12.
838 4306 854 4378 ξ
872 4304 895 4360 1.
914 4308 994 4360 Diod.
1012 4325 1034 4363 o.
1053 4304 1085 4358 17
1104 4315 1130 4359 et
1147 4304 1180 4360 18
1197 4309 1252 4360 init.
