3030 4950
735 324 772 387 ll

277 528 396 612 Neque
420 527 527 593 minus
551 552 635 613 quae
654 539 838 614 sequuntur
861 529 895 592 in
916 529 1032 594 Curtio
1057 536 1155 612 atque
1168 527 1313 593 Arriano

192 631 414 697 consentiunt.
442 631 571 716 Tyrios,
601 641 741 716 uterque
769 632 881 715 tradit,
910 640 948 696 ut
970 654 1023 697 res
1051 621 1093 695 ab
1122 628 1314 694 Alexandro

192 736 233 798 ad
256 733 445 799 laborantes
468 734 610 799 tuendos
639 744 752 820 gestae
780 734 822 798 ad
850 734 977 798 irritum
1005 734 1171 815 caderent,
1199 754 1317 798 navem

192 836 338 902 materiis
350 835 419 921 igni
432 836 654 921 concipiendo
667 837 799 920 idoniis,
819 837 998 922 praecipue
1018 835 1176 904 bitumine
1191 857 1229 899 ac
1247 834 1315 899 sul·

190 940 263 1003 fure
287 961 441 1003 onerasse
450 940 486 1023 ¹),
508 940 647 1025 puppim
676 939 813 1005 saburra
833 961 1000 1025 gravasse,
1021 948 1056 1002 nt
1073 960 1173 1023 prora
1192 938 1315 1002 emine·

193 1052 253 1125 ret,
282 1064 398 1106 navem
426 1042 574 1106 secundo
606 1049 706 1106 vento
738 1042 781 1105 ad
814 1065 968 1128 aggerem
1000 1041 1175 1106 advehisse
1203 1050 1236 1105 et
1253 1063 1317 1124 res,

194 1167 332 1230 quarum
357 1145 556 1210 mentionem
584 1144 661 1226 feci,
688 1145 723 1208 in
747 1167 845 1229 prora
881 1146 960 1210 sitas
993 1142 1193 1210 incendisse.
1239 1143 1316 1226 Quo

194 1247 296 1331 facto,
320 1232 439 1314 milites
464 1272 504 1312 ex
523 1247 584 1312 hac
608 1271 690 1312 nave
714 1248 778 1312 iam
803 1247 960 1334 flagrante
985 1247 1185 1333 confugisse,
1209 1255 1317 1311 turres

200 1372 239 1415 ac
258 1349 429 1416 machinas
453 1351 494 1414 ab
520 1351 596 1436 igne
620 1360 735 1434 captas
760 1373 846 1430 esse3
875 1372 959 1435 quae
983 1374 1050 1415 non
1074 1359 1173 1437 capta
1196 1360 1317 1432 essent,

195 1452 347 1539 aTyriis
372 1476 443 1518 esse
466 1454 609 1520 incensa.
638 1453 743 1536 Quem
774 1476 971 1519 consensum
999 1454 1121 1521 nullius
1152 1477 1223 1520 esse
1246 1477 1318 1518 mo-

196 1557 307 1639 menti,
328 1557 384 1642 qui
405 1558 631 1641 quaestionem
660 1558 701 1623 de
726 1558 853 1643 proelio
876 1557 986 1625 Issico
1011 1581 1030 1623 a
1053 1581 1105 1624 mc
1129 1567 1204 1623 aute
1226 1556 1319 1621 habi·

195 1668 261 1722 tam
284 1657 414 1745 legerit,
438 1682 504 1724 non
523 1659 692 1725 iudicabit

738 1919 775 1983 0.

283 2088 402 2172 Neque
421 2087 602 2171 Diodorus,
622 2111 728 2173 neque
745 2090 895 2155 Iustinus
916 2087 1013 2154 ullius
1037 2089 1198 2175 responsi,
1216 2090 1322 2176 prima

198 2190 279 2255 Dari
299 2191 440 2276 epistola
459 2201 609 2277 accepta,
634 2191 675 2257 ab
699 2192 893 2256 Alexandro
918 2191 987 2255 dati
1010 2192 1209 2256 mentionem
1232 2192 1326 2259 fece-'

197 2301 289 2372 runt;
309 2301 343 2357 et
362 2294 497 2359 Curtius
514 2303 547 2358 et
569 2295 730 2360 Arrianus
755 2295 895 2380 primum
920 2294 1102 2360 Alexandri
1125 2317 1321 2381 responsum

200 2395 374 2481 epistolam
394 2397 483 2462 haud
505 2397 641 2463 brevem
660 2397 815 2481 afferunt,
839 2399 956 2482 inqua
979 2421 1044 2461 non
1071 2398 1169 2462 modo
1192 2411 1324 2463 senten·
1348 2386 1350 2392 ’

198 2498 320 2562 tiarum
341 2500 400 2565 sed
420 2499 518 2565 etiam
537 2501 712 2566 verborum
732 2523 913 2566 consensus
932 2499 1026 2586 esu).

286 2620 325 2705 a)
347 2619 550 2704 Alexander,
576 2629 717 2706 utroque
741 2632 885 2704 auctore,
909 2620 1007 2685 huius
1031 2620 1109 2686 belli
1133 2617 1283 2686 caussam
1306 2643 1325 2685 a

200 2721 313 2787 Persis
334 2745 406 2788 esse
431 2722 552 2805 datam,
571 2725 685 2789 scribit
696 2725 732 2808 ⁸),
758 2723 849 2809 quod
869 2724 967 2787 etiam
985 2722 1101 2788 iisdem
1121 2725 1325 2805 argumentis

202 2825 417 2891 demonstrat.
449 2825 635 2912 Scripsisse
646 2827 732 2892 enim
742 2826 981 2908 Alexandrum,
992 2828 1110 2892 Persas
1125 2827 1197 2892 sine
1209 2848 1327 2892 caussa

201 2927 280 2992 olim
292 2927 537 2994 Macedonibus
558 2952 595 2994 ac
610 2929 749 2996 Graecis
762 2929 885 2995 bellum
898 2929 1061 3012 intulisse,
1080 2939 1179 3014 atque
1194 2941 1322 3017 patrem

201 3030 394 3117 Philippum
413 3055 474 3117 per
498 3032 648 3099 homines
672 3057 745 3099 esse
770 3042 922 3098 necatum
946 3033 1004 3117 qui
1031 3056 1050 3097 a
1071 3034 1184 3099 Persis
1214 3042 1328 3099 essent

201 3134 383 3217 sollicitati,
404 3143 437 3199 et
447 3136 582 3202 Curtius
598 3146 630 3201 et
641 3137 803 3201 Arrianus
822 3134 967 3200 tradunt„
987 3135 1101 3222 (Ourt.
1125 3136 1220 3219 Quos
1237 3136 1327 3202 solli·
1405 3166 1408 3170 ¹

202 3238 385 3302 citaverant
401 3240 513 3304 vestri.
526 3241 606 3304 Arr:
627 3234 682 3314 οὕς
698 3237 791 3324 ὑμεῖς
808 3237 1021 3326 συνετάξατε.)

286 3357 327 3442 b)
348 3361 441 3425 Arm:
467 3357 555 3447 μάχῃ
579 3353 714 3447 νενύκη-
884 3358 993 3423 Curtz
1005 3370 1037 3423 te
1049 3359 1158 3444 ipsum
1171 3363 1241 3423 acie
1251 3359 1326 3443 vici,

202 3483 301 3526 κα...
320 3459 380 3528 ναν
403 3460 437 3526 δὲ
455 3461 492 3527 σὲ
509 3462 564 3528 καὶ
575 3461 636 3550 τήν
649 3465 714 3544 χαί-
819 3486 971 3548 magnam
1002 3475 1129 3547 partem
1163 3462 1265 3528 Asiae
1293 3463 1327 3525 in

126 3562 129 3567 ⁴
204 3586 264 3648 ραν
287 3561 361 3645 ἔχω,
383 3566 445 3631 τῶν
462 3567 554 3633 θεῶν
571 3589 629 3650 μοι
640 3563 714 3632 ‹lov-
819 3566 1014 3630 diditionem
1032 3566 1149 3652 redegi
1167 3588 1272 3630 meam
1296 3575 1329 3628 et

202 3688 273 3731 σαν.
818 3666 883 3734 diis
921 3690 1054 3754 quoque
1091 3692 1151 3754 pro
1193 3667 1328 3732 meliore

818 3772 984 3837 stantibus
1004 3792 1113 3839 causa.

204 3909 408 3922 Ἠ

290 3995 311 4063 1)
330 3997 409 4048 Curt:
430 3997 557 4046 bitumine
576 4013 606 4048 ac
624 3998 722 4048 sulfure
741 4001 817 4048 Aru:
837 3993 918 4047 πίσσα
938 3990 984 4046 καὶ
998 3997 1089 4061 θεῖον.

290 4096 311 4167 ¹)
329 4100 361 4151 cl.
383 4099 454 4150 Curt.
473 4100 521 4150 1v.
541 4116 561 4152 c.
582 4098 596 4149 1
615 4100 629 4164 ξ
648 4097 681 4150 10
699 4116 753 4164 sqq.
775 4103 834 4149 ΑΠ’.
852 4097 889 4152 ΙΙ.
909 4114 930 4152 c.
950 4095 989 4148 14.

290 4199 314 4272 ³)
334 4206 394 4256 Arr.
413 4186 575 4271 trapazetae
589 4197 635 4255 ἐπὶ
650 4200 680 4256 σὲ
692 4201 860 4271 ὑπάρξαντος
874 4201 921 4253 σοῦ
935 4201 980 4265 τῆς
994 4199 1103 4271 ἔχθρας.
1127 4201 1210 4257 Curt:
1229 4204 1330 4269 repello

207 4290 304 4340 bellum
322 4305 376 4341 non
393 4291 486 4343 infero.

1109 4369 1127 4426 2
