3030 4950
754 352 773 415 7

282 559 375 625 Inter
393 581 507 624 omues
525 558 721 645 scriptores,
746 557 802 643 qui
821 566 926 623 aetate
952 556 1142 623 Alexandro
1166 546 1322 642 aequales

199 664 268 728 eius
297 662 526 749 expeditiones
554 669 806 743 enarraverunt,
836 661 1066 744 Ptolemaeus,
1084 660 1321 745 Aristobulus,

199 752 426 831 Callisthenes
443 764 513 830 sine
536 764 636 830 dubio
658 765 800 849 primum
818 763 969 828 obtinent
980 764 1100 852 locum.
1114 764 1182 832 Sed
1195 764 1323 831 Diodo-

196 892 270 934 rum
291 868 343 932 vel
361 867 552 934 Ptolemaeo
572 867 624 933 vel
646 867 843 933 Aristobulo
864 889 959 932 usum
983 889 1066 949 esse,
1090 890 1186 934 nemo
1206 867 1321 955 opinass

198 971 299 1055 bitur,
319 971 376 1055 qui
394 993 450 1036 eos
470 992 546 1035 cum
565 969 716 1035 Diodoro
733 970 921 1035 accuratius
933 971 1182 1055 comparaverit.
1200 973 1320 1056 Neque

197 1068 538 1141 v‘eroCallisthenem
557 1099 576 1138 a
595 1074 745 1138 Diodoro
766 1096 837 1139 esse
858 1073 1057 1156 adhibitum,
1082 1074 1161 1138 mihi
1187 1075 1320 1159 quidem

196 1179 265 1243 ullo
285 1187 480 1264 argumento
500 1176 634 1262 probari
652 1199 753 1262 posse
771 1176 902 1240 videtur
912 1178 946 1261 ¹).

214 1279 219 1296 '
283 1286 439 1347 Attamen
458 1281 594 1345 dubium
614 1290 674 1364 est,
695 1304 735 1345 an
750 1280 933 1362 Diodorus,
957 1280 1165 1363 Ptolemaeo,
1189 1280 1321 1345 Aristo·

195 1383 286 1467 bulo,
305 1384 509 1451 Callisthene
527 1385 689 1469 exceptis,
712 1392 803 1463 praet
790 1384 1056 1450 tClitarchumer
1079 1406 1119 1447 ex
1142 1383 1206 1448 alio
1230 1385 1321 1448 fonte

196 1488 247 1553 vel
266 1489 375 1552 aliisi
362 1488 521 1570 lontibuS,
546 1511 687 1572 quorum
711 1487 764 1552 vel
787 1487 922 1552 minima
938 1487 999 1551 vel
1022 1484 1147 1551 nullal
1134 1489 1320 1621 fragmenta

195 1614 283 1656 nunc
303 1599 445 1674 exstant,
464 1591 684 1676 exscripserit

280 1694 383 1786 Libro
413 1693 546 1777 quidem
580 1693 757 1758 undecimo
791 1716 895 1778 usque
927 1693 968 1757 ad
998 1691 1119 1757 librum
1153 1692 1318 1757 decimum

194 1807 324 1863 sextum
344 1820 362 1861 a
381 1796 532 1861 Diodoro
552 1796 724 1862 historiam
736 1796 900 1861 Graecam
917 1818 958 1859 ex
974 1795 1112 1879 Ephoro
1132 1795 1217 1877 scic,
1232 1796 1319 1862 Sici-

114 1930 120 1947 ·
194 1901 329 1965 liensem
353 1922 394 1963 ex
416 1899 551 1964 Timaeo
577 1900 648 1965 solo
673 1910 839 1984 sumptam
870 1910 1016 1983 esse,et
983 1899 1128 1965 etlibro
1159 1900 1316 1966 vicesimo

149 2068 150 2075 ,
194 2011 311 2068 octavo
339 2025 443 2087 usque
471 2003 513 2066 ad
546 2002 665 2067 librum
698 2003 898 2069 tricesimum
933 2003 1116 2067 secundum
1150 2013 1316 2068 enaratam

193 2106 364 2171 historiam
384 2128 424 2169 ex
442 2105 584 2190 Polybio
604 2104 676 2170 solo
696 2129 767 2171 esse
788 2106 1005 2191 depromam,
1026 2105 1135 2194 Cauer
1154 2129 1192 2171 ac
1214 2106 1328 2191 nuper'

194 2209 429 2294 Volquardsen
456 2217 489 2272 et
514 2208 636 2272 Nissen
667 2208 731 2272 iam
757 2208 836 2274 satis
855 2209 1152 2295 explicaverunt2).
1197 2210 1317 2294 Itaque

195 2313 378 2377 Diodorum
409 2333 521 2376 omnes
552 2310 710 2376 historiae
738 2321 848 2397 partes
871 2312 957 2375 inter
980 2335 1014 2376 se
1038 2311 1253 2378 cohaerentes
1277 2337 1317 2378 ex

194 2414 333 2501 singulis
352 2413 500 2478 fontibus
522 2414 669 2479 hausisse
689 2437 795 2498 neque
821 2414 932 2499 plures
957 2415 1064 2479 fontes
1093 2414 1191 2479 simul
1220 2415 1314 2480 adhi-

117 2538 122 2551 ‘
194 2517 315 2599 buisse,
334 2516 517 2582 veresimile
538 2539 610 2581 esse
632 2516 771 2581 videtur.
797 2519 953 2582 Attamen
974 2516 1050 2580 huic
1073 2519 1255 2584 sententiae
1282 2520 1314 2599 in

197 2618 464 2704 expeditionibus
483 2618 667 2683 Alexandri
685 2618 771 2684 libro
792 2619 920 2683 decimo
944 2620 1085 2704 septimo
1097 2623 1236 2686 narratis
1249 2633 1315 2687 tres

192 2721 255 2785 loci
274 2720 427 2784 videntur
446 2721 620 2803 obsistere,
641 2720 761 2805 quibus
781 2721 921 2786 aliorum
940 2745 1073 2807 quoque
1091 2723 1233 2787 iontium
1253 2725 1315 2788 Di-

193 2824 316 2889 odorus
336 2824 537 2888 mentionem
555 2824 681 2910 facim).
726 2823 794 2892 Sed
813 2825 842 2890 si
862 2825 922 2890 hos
945 2823 1038 2889 locos
1057 2827 1242 2891 accuratius
1266 2828 1315 2891 in-

144 3003 147 3010 ,
192 2927 351 3013 spexeris,
374 2950 443 2990 rem
467 2949 502 2991 se
524 2927 571 2990 ita
592 2949 658 2992 non
682 2927 803 2992 habere
826 2927 1002 3014 intelliges.
1059 2927 1198 2993 Maximi
1229 2916 1315 2995 enim

193 3041 242 3096 est
261 3030 429 3111 momenti,
449 3052 509 3094 nos
529 3053 629 3094 unum
648 3030 757 3095 locum
778 3031 942 3095 extribus
966 3030 1075 3097 allatis
1100 3054 1174 3095 cum
1198 3032 1315 3098 eodem

192 3132 286 3200 Curti
305 3132 380 3198 loco
400 3155 498 3218 posse
517 3135 677 3215 conferre,
707 3156 781 3197 curn
800 3135 853 3197 hic
872 3134 1005 3200 easdem
1024 3157 1077 3200 res
1095 3135 1314 3222 tradiderit4).

192 3237 344 3302 Diodoro
365 3237 449 3301 enim
470 3246 616 3318 auctore,
635 3237 718 3300 alter
737 3238 822 3319 fons,
842 3238 1045 3322 praefectum
1069 3238 1233 3317 Surorum
1255 3262 1315 3332 sua

192 3349 311 3426 sponte
341 3340 532 3404 Alexandro
560 3338 741 3434 tradidisse
767 3339 908 3425 regiam,
942 3340 1101 3425 narravit,
1124 3342 1218 3424 alter,
1252 3341 1325 3407 hoc·

191 3518 395 3527 .-—-——-—

276 3618 297 3687 1)
315 3621 346 3670 cf.
365 3635 489 3670 excursus
507 3636 531 3684 p.
550 3616 577 3669 8.
613 3607 615 3616 ’

276 3705 297 3773 ²)
317 3709 415 3757 Cauer:
435 3707 475 3756 De
493 3707 609 3757 fontibus
628 3707 662 3757 ad
683 3708 802 3771 Agesilai
819 3707 962 3759 historiam.
987 3705 1169 3772 Volquardsen
1189 3723 1245 3773 cap.
1266 3708 1314 3762 IV.

193 3795 258 3844 Cum
276 3795 468 3860 Volquardsen,
493 3796 587 3845 Caueri
610 3795 671 3842 libri
694 3795 812 3854 nescius,
842 3794 952 3843 eandem
971 3796 1126 3844 senteutiam
1156 3797 1315 3857 argumentis

191 3883 327 3946 probatam
347 3882 500 3946 prodiderit,
520 3897 597 3944 quam
621 3880 716 3942 Cauer,
740 3881 872 3943 utriusque
895 3889 1048 3941 argumenta
1070 3896 1125 3929 esse
1148 3887 1227 3940 recta,
1250 3882 1314 3930 ortis

191 3975 359 4020 constat.-
377 3967 486 4018 Nissen.
510 3966 642 4016 Kritische
660 3966 895 4030 Untersuchungsn
920 3965 1028 4054 riberd.
1046 3965 1135 4019 IVu.
1156 3966 1194 4015 V.-
1205 3966 1313 4016 Decede

193 4053 239 4102 des
258 4053 355 4103 Livius

276 4134 393 4204 ³)Di0d
412 4137 457 4191 lib.
475 4136 563 4189 XVII.
582 4152 639 4200 cap.
656 4133 745 4186 23:
730 4152 798 4188 ενιοι
817 4131 847 4187 δὲ
864 4132 970 4203 λέγουσι
987 4152 1041 4188 κτα.
1073 4152 1130 4202 sap.
1148 4134 1232 4188 65:‘
1214 4155 1249 4199 ως
1261 4154 1314 4209 μεν

192 4220 260 4276 ἔνιοι
278 4223 434 4292 γεγράφασι
451 4239 505 4275 κτα,
525 4237 581 4286 cap.
600 4219 644 4272 73:
665 4220 700 4279 ὡς
716 4216 769 4290 μὲν
787 4217 856 4272 ἔνιοι
873 4220 1047 4290 γεγράφασιν
1064 4239 1119 4278 κτα,

275 4307 297 4373 4)
316 4311 349 4362 cf.
368 4309 441 4362 Curt.
461 4309 493 4359 V.
513 4312 570 4380 cap.
587 4304 604 4360 2
623 4309 637 4375 ξ
654 4305 672 4360 8
690 4316 716 4359 et
734 4307 812 4358 Diod.
832 4323 888 4377 cap.
906 4305 947 4360 65.
