3030 4950
758 335 797 399 21

206 540 324 607 fluvios
338 540 569 627 descripsisse,
584 563 767 626 cognosces
776 542 813 627 ¹).
827 540 958 626 Itaque,
972 563 1046 607 cum
1061 549 1158 606 antea
1170 563 1335 627 exposue-

205 645 277 726 rim,
299 646 463 730 proelium
475 645 565 730 apud
575 643 684 709 Issum
697 646 836 727 factum,
849 644 931 731 Tyri
949 645 1169 727 obsidionem,
1184 645 1331 711 Alexan-

206 748 257 812 dri
280 748 466 832 epistolam,
486 747 731 833 expeditionem
751 749 944 834 Aegyptum
964 748 1098 830 factam,
1120 748 1328 832 deprecatio-

204 873 279 916 nem
297 849 518 935 Sisygambis,
538 850 817 936 expugnationem
833 851 979 915 faucium
991 850 1201 915 Persicorum
1217 851 1349 915 aCur-·

203 953 251 1016 tio
275 961 375 1035 atque
394 951 538 1016 Arriano
569 960 792 1038 congruenter
816 975 889 1017 esse
922 952 1065 1035 tradita',
1085 953 1149 1016 iam
1180 952 1222 1016 ob
1247 952 1332 1019 hauc

204 1077 356 1120 caussam
386 1056 571 1120 veresimile
603 1079 675 1122 esse
704 1056 854 1137 videtur,
887 1078 906 1119 a
934 1054 1051 1119 Curtio
1080 1054 1154 1120 illos
1179 1055 1273 1122 locos
1293 1079 1333 1121 ex

202 1157 395 1221 Ptolemaeo
415 1158 602 1243 exscriptos
623 1181 704 1223 esse.

288 1257 392 1324 Cuius
404 1259 615 1326 coniecturae
627 1262 729 1325 multo
741 1261 893 1347 graviora
902 1259 1117 1325 inveniuntur
1126 1269 1333 1346 argumenta.

203 1361 365 1427 Arrianus
386 1363 472 1426 enim
491 1365 673 1428 narrationi
696 1365 737 1429 de
757 1363 966 1450 Sisygambis
987 1359 1241 1447 deprecatione
1255 1387 1330 1428 cum

203 1462 323 1528 Curtio
354 1467 582 1531 consentiente
617 1467 719 1532 verba
744 1468 953 1553 praeposuit:
988 1467 1224 1549 „Ilaodspatos
1248 1466 1282 1532 δὲ
1313 1466 1332 1533 ὁ

199 1562 315 1648 Λάγου
329 1568 445 1651 λέγει“
453 1568 498 1655 ²),
522 1569 609 1634 uude
633 1571 714 1635 satis
749 1578 906 1655 apparet,
937 1569 1026 1633 illam
1050 1569 1273 1635 narrationem
1296 1571 1329 1634 iu

203 1669 399 1735 Aristobulo
417 1670 575 1756 defuisse,
594 1671 636 1737 ob
656 1694 793 1756 eamque
814 1694 967 1738 caussam
990 1671 1142 1737 aCurtio
1163 1696 1204 1737 ex
1214 1675 1327 1739 Ptole-

197 1794 291 1836 maeo
311 1795 384 1838 esse
407 1773 571 1840 haustam.

272 1875 450 1941 Praeterea
461 1899 561 1961 quum
575 1879 608 1943 in
618 1877 736 1944 Curtio
745 1902 785 1942 ne
798 1878 953 1942 minimus
966 1877 1101 1962 quidem
1110 1900 1186 1942 oum
1196 1877 1329 1943 Aristo-

198 1977 266 2041 buli
298 1979 494 2063 fragmentis
533 2002 716 2046 consensus
750 1981 955 2061 inveniatur,
990 1980 1217 2045 Ptolemaeum
1242 2000 1326 2046 'vero

199 2079 336 2145 Curtius
364 2081 436 2166 ipse
466 2105 531 2147 uno
551 2083 626 2148 loco
652 2083 804 2149 citaverit
815 2085 852 2165 ³),
883 2105 955 2147 mea
981 2083 1146 2162 sententia
1169 2083 1234 2146 iam
1259 2106 1326 2146 non

197 2184 333 2248 dubium
352 2207 425 2250 esse
448 2193 572 2270 potest,
596 2188 677 2271 quin
694 2187 741 2251 illi
761 2188 890 2272 septem
906 2186 971 2250 loci
992 2209 1067 2250 cum
1086 2185 1229 2250 Arriano
1247 2207 1328 2248 con-

154 2287 156 2290 ’
196 2294 363 2372 gruentes,
383 2310 467 2371 quos
487 2297 563 2353 aute
582 2290 690 2373 attuli,
712 2315 753 2354 ox
775 2289 967 2355 Ptolemaeo
988 2288 1056 2353 sint
1074 2287 1223 2372 hausti4).

281 2388 411 2470 Quibus
431 2391 610 2476 expositis,
630 2401 782 2477 apertum
802 2399 871 2473 est,
904 2391 979 2455 illos
1004 2390 1096 2455 locos
1122 2389 1162 2454 ab
1181 2391 1325 2455 Arriano

195 2516 261 2557 non
281 2515 321 2558 ex
334 2493 529 2559 Aristobulo
553 2496 613 2560 sed
632 2520 672 2561 ex
688 2497 879 2561 Ptolemaeo
900 2517 972 2560 esse
991 2492 1214 2577 conscriptos,
1234 2491 1323 2577 quod

195 2595 304 2660 adhuc
332 2598 562 2662 tantummodo
590 2622 656 2663 uno
679 2600 811 2663 illorum
835 2599 984 2664 locorum
1009 2604 1137 2661 certum
1157 2603 1238 2676 erat,
1258 2618 1323 2679 quo

197 2700 361 2764 Arrianus
381 2699 607 2766 Ptolemaeum
624 2701 750 2788 citat5).

280 2923 300 2988 1)
320 2926 353 2978 of.
371 2925 451 2975 Muel.
471 2925 563 2991 fragm.
583 2927 652 2977 Ptol.
672 2934 699 2976 et
718 2927 833 2976 Aristob.

280 3008 301 3076 a)
321 3011 353 3062 cf.
372 3010 444 3064 Gurt.
464 3011 496 3060 V.
515 3028 537 3061 c.
555 3009 572 3062 3
590 3013 604 3079 ᾗ
622 3009 723 3063 12-14
741 3021 767 3062 et
787 3015 846 3061 Arr.
865 3011 916 3060 ΙΙΙ.
937 3027 959 3062 o.
978 3007 1019 3072 17,
1029 3007 1067 3070 6,:
1085 3009 1248 3077 Πτολεμαῖος
1267 3006 1323 3062 dtu

194 3096 289 3165 Λάγου
307 3093 380 3163 λέγει
396 3094 444 3158 τήν
462 3095 575 3164 Δαρείου
592 3093 694 3165 μητέρα
713 3095 843 3160 δεηθῆναι
865 3092 933 3163 ὑπὲρ
956 3089 1043 3146 αὐτῶν
1060 3092 1242 3162 Ἀλεξάνδρου
1261 3093 1323 3146 dofr-

194 3181 240 3234 ναί
257 3197 334 3250 σφισι
352 3180 399 3244 τήν
413 3181 509 3250 χώραν
528 3179 621 3236 οἰκεῖν.

277 3265 299 3336 ³)
318 3269 390 3319 Curt.
408 3269 458 3318 IX.
478 3286 499 3319 c.
518 3267 535 3319 5
552 3271 567 3334 ξ
586 3266 632 3318 21:
652 3270 845 3334 Ptolemaeum,
875 3272 918 3334 qui
938 3276 1031 3337 postea
1048 3267 1181 3332 regnavit,
1200 3266 1260 3315 huic
1277 3283 1323 3330 pu-

193 3371 261 3419 gnae
280 3355 423 3424 (Mallensi)
448 3354 571 3417 adfuisse,
591 3363 683 3405 auctor
702 3365 741 3405 est
761 3356 908 3406 Clitarchus
928 3364 954 3407 st
976 3356 1143 3418 Timagenes.
1181 3351 1235 3402 Sed
1256 3353 1321 3415 ipsc,

194 3442 296 3491 scilicet
313 3442 413 3506 glorias
432 3457 494 3491 suas
513 3442 668 3506 refragatus,
687 3442 791 3506 afuisse,
810 3443 917 3492 missum
935 3445 963 3492 in
982 3440 1159 3504 expeditione,
1178 3439 1320 3488 memoriae

193 3527 313 3576 tradidit.

276 3610 297 3678 4)
316 3613 404 3663 Geieri
432 3615 512 3676 igitur
539 3614 678 3675 sententia,
707 3629 740 3663 ex
765 3614 911 3664 Aristobuli
939 3614 1103 3677 potissimum
1127 3611 1321 3660 commentariis

197 3699 290 3749 hausta
308 3714 373 3757 esse,
394 3714 460 3762 quae
480 3700 511 3747 de
531 3699 594 3764 Tyri
615 3700 750 3749 obsidione
769 3707 795 3748 et
813 3701 1007 3764 expugnatione
1020 3698 1180 3762 prodidisset
1192 3697 1321 3744 Arrianus

191 3784 227 3834 ΙΙ.
248 3800 269 3834 c.
290 3781 399 3846 15-25,
418 3785 486 3833 falsa
504 3793 551 3840 est.
587 3785 645 3834 Hoc
664 3794 799 3848 praeterea
819 3801 922 3850 quoque
941 3792 1059 3849 apertum
1079 3789 1125 3844 est,
1145 3797 1232 3845 quum,
1252 3781 1321 3844 quod

191 3869 340 3919 Menandro
359 3876 466 3919 auctore
486 3871 653 3919 Aristobulus
672 3872 796 3931 narravit,
817 3887 868 3921 non
882 3872 961 3921 modo
974 3871 1006 3919 ab
1021 3871 1144 3930 Arriano,
1158 3866 1228 3930 quod
1242 3864 1322 3916 Geier

191 3955 257 4004 falso
276 3962 358 4019 putat,
378 3957 423 4004 sed
442 3958 520 4005 etiam
540 3972 555 4006 a
573 3957 667 4006 ceteris
685 3957 855 4021 scriptoribus
873 3958 907 4006 sit
924 3956 1056 4007 traditum.
1077 3956 1109 4005 of.
1128 3952 1208 4002 Muel.
1227 3951 1319 4015 fragm.

192 4040 308 4090 Aristob.
328 4037 353 4102 7,
373 4042 396 4091 b.

231 4176 234 4188 Ι
275 4121 296 4192 ⁵)
316 4126 382 4176 Cum
400 4143 452 4177 non
471 4129 533 4177 satis
552 4134 662 4190 constet,
682 4135 767 4176 utrum
780 4129 908 4177 Arrianus
928 4143 962 4177 an
971 4127 1074 4176 Curtius
1093 4129 1164 4192 prius
1176 4128 1319 4193 scripserit,

190 4212 265 4260 locos
283 4212 342 4263 illos
362 4220 535 4277 congruentes
554 4228 569 4262 a
588 4212 679 4263 Curtio
699 4229 732 4262 ex
752 4214 867 4262 Arriano
886 4214 994 4264 haustos
1008 4228 1063 4263 esse
1077 4229 1164 4278 posse,
1178 4216 1318 4278 putaveris.

192 4294 264 4360 Quae
283 4298 422 4363 sententia,
441 4299 463 4348 si
481 4305 554 4350 recta
572 4305 648 4361 esset,
668 4300 803 4361 nescirem,
823 4299 954 4364 quomodo
982 4299 1080 4351 factum
1103 4307 1178 4364 esset,
1201 4307 1230 4353 ut
1253 4300 1317 4352 Cur·
