3030 4950
287 658 488 732 ,Praeterea
506 658 539 722 in
564 658 682 723 Curtio
713 656 889 722 nonnullos
921 657 1032 721 inveni
1059 657 1151 722 locos
1171 680 1246 721 cum
1269 657 1345 721 Cal-

222 748 376 825 listhenis
395 759 589 845 fragmentis
613 760 870 842 consentientes,
890 781 973 843 quos
998 782 1070 824 sum
1086 760 1254 824 allaturus.
1273 760 1345 825 Iam

224 885 326 948 supra
355 861 514 946 exposui,
534 885 599 926 non
624 861 805 950 quidquam
834 884 906 926 esse
937 864 1137 947 argumenti,
1159 847 1344 927 Diodorum

225 960 428 1029 Callisthene
452 985 524 1028 esse
549 986 661 1042 usum3
685 964 775 1047 quod
801 964 962 1028 iudicium
992 962 1045 1028 hic
1069 988 1201 1049 quoque
1225 965 1344 1030 confir·

225 1073 344 1148 matur,
363 1087 437 1129 cum
452 1088 565 1129 omnes
578 1087 630 1131 res
650 1089 669 1129 a
688 1064 892 1131 Callisthene
908 1075 1007 1150 atque
1022 1066 1139 1132 Curtio
1160 1090 1344 1152 congruen-

225 1176 276 1231 ter
297 1166 438 1233 traditae
457 1166 491 1230 in
510 1167 661 1234 Diodoro
685 1166 814 1234 dosunt.

764 1376 807 1440 A.

307 1511 360 1576 Ac
378 1512 521 1597 primum
551 1511 764 1578 Callisthenis
793 1515 1014 1597 fragmentum
1038 1514 1080 1577 de
1105 1515 1231 1598 proelio
1255 1515 1346 1599 apud

221 1614 332 1683 Issum
355 1614 545 1696 commisso,
569 1615 824 1699 quodomnium
845 1614 1057 1680 Callisthenis
1083 1616 1343 1700 fragmentorum

221 1717 488 1802 copiosissimum
505 1726 566 1798 est,
586 1740 660 1781 cum
685 1717 803 1782 Curtio
823 1740 896 1780 sum
915 1718 1106 1784 collaturus.

306 1822 338 1904 a)
359 1818 630 1904 Descriptionem
642 1820 726 1884 aciei
741 1821 781 1885 ab
796 1820 987 1884 Alexandro
999 1828 1074 1884 ante
1087 1820 1250 1905 proelium
1263 1822 1343 1888 lssi-

222 1946 297 1988 cum
322 1923 505 1988 instructae
535 1946 554 1986 a
576 1921 695 1987 Curtio
719 1946 760 1987 ex
780 1922 972 1987 Ptolemaeo
991 1922 1142 1988 haustam
1168 1925 1344 2006 esse„iam

221 2025 303 2091 satis
322 2026 486 2111 explicavi
498 2027 531 2106 ¹).
554 2025 671 2089 Aciem
690 2048 768 2090 vero
788 2025 871 2089 Dari
890 2033 986 2090 antea
1008 2025 1042 2089 in
1065 2025 1181 2090 eodem
1201 2027 1346 2111 capitea

222 2128 341 2195 Curtio
371 2129 573 2213 descriptam
593 2151 658 2191 non
678 2151 718 2192 ex
735 2128 927 2192 Ptolemaeo
952 2151 1024 2193 esse
1044 2137 1226 2214 sumptam,
1247 2152 1343 2214 aper-

221 2239 372 2313 tumeat,
396 2254 498 2316 quum
522 2230 660 2298 Curtius
688 2239 787 2315 atque
808 2231 972 2296 Arrianus
1008 2231 1102 2297 valde
1124 2232 1211 2296 inter
1234 2254 1268 2296 se
1293 2233 1342 2297 di-

221 2342 319 2400 stent.
356 2332 422 2401 Sed
444 2355 527 2417 quae
552 2332 710 2417 Polybius
735 2356 776 2396 ex
800 2331 1005 2397 Callisthene
1033 2333 1073 2398 de
1097 2334 1167 2398 acie
1197 2334 1342 2399 aDario

218 2437 383 2501 instructa
402 2435 551 2516 tradidit,
574 2436 672 2521 plane
689 2457 764 2500 cum
776 2433 894 2499 Curtio
909 2435 1133 2500 consentiunt.
1156 2433 1210 2499 Ex
1224 2436 1344 2522 Polybi

219 2539 306 2604 euim
340 2538 551 2617 narratione,
581 2537 637 2622 qui
670 2535 910 2602 Callisthenem
945 2536 1090 2602 refutare
1120 2546 1259 2603 conatus
1281 2549 1343 2623 est,

218 2638 332 2724 colligi
351 2647 474 2724 potest,
491 2663 513 2703 a
533 2638 737 2704 Callisthene
760 2639 863 2703 fuisse
882 2639 1056 2722 traditum,
1076 2639 1216 2704 Darium
1234 2641 1341 2727 primo

218 2739 251 2802 in
271 2740 364 2806 laevo
385 2763 489 2805 cornu
508 2750 625 2804 contra
644 2740 872 2804 Alexandrum
884 2749 1106 2825 pugnaturum
1125 2742 1264 2827 triginta
1281 2744 1341 2807 mi-

217 2841 261 2905 lia
287 2844 566 2907 mercenariorum
586 2842 793 2909 Graecorum
825 2844 859 2906 in
886 2844 1003 2908 dextro
1028 2867 1088 2908 suo
1115 2867 1217 2909 cornu
1238 2844 1340 2909 collo-

217 2966 322 3026 casse,
342 2939 402 3009 'sed
420 2945 552 3025 deinde,
584 2944 723 3008 consilio
749 2944 857 3008 media
876 2946 908 3009 in
937 2945 1009 3008 acie
1029 2945 1207 3010 dimicandi
1228 2957 1338 3032 capto,
1397 2959 1400 2965 '

216 3045 272 3109 illa
294 3046 432 3130 triginta
459 3046 549 3110 milia
573 3046 852 3110 mercenariorum
880 3047 921 3110 ad
945 3069 980 3110 se
1011 3047 1045 3110 in
1070 3049 1211 3113 mediam
1235 3048 1340 3113 aciem

216 3170 353 3212 vocasse
363 3148 402 3231 ²).
426 3148 588 3212 Arrianus
605 3148 756 3231 quidem,
768 3149 826 3232 qui
849 3149 983 3233 copiose
1007 3158 1105 3233 atque
1129 3162 1284 3216 accurate
1308 3163 1341 3216 et

222 3314 422 3331 ’,Μ-...-

215 3408 266 3456 tius
286 3407 372 3456 nullas
391 3407 423 3455 ab
443 3407 604 3472 Aristobulo,
623 3407 747 3469 plurimas
766 3421 781 3454 a
799 3406 952 3455 Ptolemaeo
975 3415 1094 3458 narratas
1113 3425 1155 3458 res
1173 3424 1206 3458 ex
1224 3410 1338 3459 Arriano

213 3493 437 3555 transscripsisset.
449 3491 592 3541 Praeterea
602 3491 671 3554 qnod
681 3490 784 3540 Curtius
794 3507 907 3554 pugnam
914 3491 1070 3542 Mallensem
1083 3494 1338 3555 describens,Ptolo-

214 3594 317 3628 meeum
336 3580 428 3641 ipsum,
447 3592 475 3625 se
495 3578 526 3626 ab
545 3578 591 3626 illa
611 3592 696 3640 pugne
714 3577 820 3637 afuisse,
838 3577 979 3626 memoriae
997 3579 1137 3628 tradidisse
1156 3587 1245 3628 narrat
1264 3587 1289 3628 et
1300 3587 1338 3629 ts-

215 3680 274 3714 men
298 3665 365 3714 hanc
389 3677 501 3727 pugnam
525 3679 582 3712 cum
607 3662 755 3726 Oxydraois
782 3677 838 3711 esse
864 3661 1026 3732 commissam
1050 3665 1179 3727 exposuit,
1204 3664 1262 3732 (IX.
1282 3663 1338 3715 c.4

213 3747 246 3802 18
265 3756 436 3812 „perventum
454 3748 487 3796 ad
507 3748 632 3811 oppidum
644 3746 870 3812 Oxydraearnm“)
889 3749 958 3812 qnod
972 3750 1100 3812 Arrianus
1113 3750 1188 3799 valde
1198 3753 1336 3816 vituperat,

213 3834 283 3902 (vi,
303 3850 325 3884 c.
344 3829 385 3896 11,
403 3831 431 3898 3)
450 3839 548 3882 eertum
568 3848 624 3882 esso
642 3835 796 3897 putaverim,
825 3833 942 3883 Curtium
969 3851 1021 3884 non
1043 3852 1075 3885 ex
1089 3835 1211 3899 Arriano,
1238 3839 1284 3886 sed
1303 3853 1336 3888 ex

212 3920 364 3970 Ptolemaeo
383 3919 507 3969 hausisse.

297 4001 519 4073 qdpfflm

296 4087 320 4155 l)
341 4089 414 4150 Quae
434 4097 460 4139 et
476 4075 672 4140 Darl'eonsitia
690 4098 715 4138 et
733 4106 775 4140 res
794 4092 827 4141 ab
846 4107 877 4140 eo
897 4098 982 4153 gestas
995 4093 1042 4142 tali
1054 4093 1132 4143 modo
1145 4108 1161 4142 a
1173 4092 1335 4146 Callisthene

211 4176 290 4226 fuisse
314 4182 444 4237 contexta,
469 4191 502 4224 ex
523 4178 562 4236 iis,
587 4191 653 4240 qnae
676 4176 800 4240 Polybius
825 4177 940 4241 disperse
969 4178 1092 4241 prodidit,
1121 4179 1209 4242 colligi
1239 4189 1333 4244 potest.

211 4261 336 4327 Polybius
356 4263 423 4312 euim
442 4261 507 4311 XII.
526 4279 547 4316 c.
566 4258 607 4325 18,
628 4261 789 4313 Callisthene
808 4269 948 4328 propterea
966 4265 1034 4327 quod
1052 4265 1160 4328 triginta
1177 4267 1249 4319 milia
1266 4284 1332 4320 mer-
