3030 4950
733 352 772 416 16

195 556 348 643 ptoribus
372 555 612 643 desunt1),aut
631 555 671 620 ab
693 557 733 622 iis
757 557 958 643 discrepant,
979 580 1120 642 quorum
1138 557 1199 624 hos
1218 579 1313 642 prae·

195 661 291 745 cipue
309 682 381 726 sum
406 659 574 725 allaturus.

278 762 324 826 Et
341 762 511 828 Diodorus
533 771 569 826 et
591 762 736 847 Curtius,
755 763 874 828 fretum
898 763 984 828 inter
1004 764 1129 850 Tyrum
1153 769 1187 826 et
1206 759 1311 826 conti·
1345 755 1347 758 ’

194 873 327 930 nentem
351 866 450 931 situm
473 877 625 950 quatuor,
649 865 782 950 Strabo,
805 867 869 931 tria
891 864 1117 931 tantummodo
1140 864 1249 931 stadia
1264 863 1312 928 la-

194 976 264 1031 tum
286 966 398 1048 fuisse,
421 968 605 1054 tradunt2).
649 969 827 1042 Praeterea
848 970 1010 1034 Arrianus
1033 968 1182 1032 ultimum
1209 967 1313 1052 impe·

194 1077 265 1133 tum
290 1070 323 1133 in
354 1094 484 1135 murum
512 1073 636 1136 factum
661 1095 809 1156 narrans,
842 1073 981 1157 primum
1021 1072 1212 1152 Admetum,
1240 1083 1321 1134 cum·

196 1171 359 1256 clipeatis,
378 1183 457 1258 poet
475 1195 550 1238 eum
569 1174 701 1238 demum
722 1174 949 1239 Alexandrum
976 1186 1143 1260 pugnasse
1167 1171 1313 1257 exponit,

195 1296 303 1359 neque
326 1275 390 1340 hoc
412 1276 489 1341 loco
515 1276 700 1342 Alexandri
718 1276 948 1343 fortitudinem
963 1275 1123 1361 imprimis
1133 1272 1314 1360 praedicat

196 1375 333 1443 Curtius
357 1400 434 1443 vero
458 1377 687 1463 acDiodorue,
706 1378 934 1444 Alexandrum
953 1379 1095 1465 primum
1112 1384 1316 1462 pugnantem

139 1558 145 1574 ι
195 1479 354 1566 singulari
373 1479 568 1546 fortitudine
584 1481 737 1548 omnibus
747 1481 955 1568 praestitisse
974 1489 1073 1566 atque
1083 1481 1198 1546 hostes
1207 1479 1315 1560 hasta,

195 1581 319 1668 gladio,
338 1583 447 1668 clipeo
469 1606 607 1651 necasse
625 1585 816 1671 produnt⁸).

210 1705 212 1715 ’
282 1685 392 1768 Quum
419 1685 627 1754 Clitarchum
653 1713 672 1753 a
700 1689 815 1755 Curtio
844 1687 1047 1774 exscriptum
1070 1709 1141 1753 esse
1170 1686 1236 1750 iam
1258 1683 1315 1749 de-

199 1796 415 1853 monstratum
438 1790 492 1873 sit,
515 1791 611 1877 plura
633 1802 838 1878 argumenta,
860 1815 901 1857 ex
925 1791 1055 1876 quibus
1072 1778 1211 1873 intelligi
1236 1794 1313 1872 pot-

198 1901 260 1973 est,
284 1890 436 1956 Curtium
461 1892 670 1959 obsidionem
697 1895 779 1981 Tyri
806 1897 992 1960 narrantem
1020 1890 1190 1959 Clitarcho
1220 1911 1315 1954 usum

196 2015 279 2076 esse,
303 1992 419 2060 afferre
443 2018 508 2075 non
532 2019 615 2083 opus
640 2007 698 2063 est.
722 2000 876 2064 Attamen
900 1997 963 2062 hoc
987 2017 1118 2081 quoque
1140 1995 1175 2058 iu
1203 2014 1315 2057 narra-

100 2151 104 2162 .
196 2095 287 2160 tione
310 2119 449 2182 magnus
473 2108 523 2164 est
546 2122 621 2165 cum
645 2102 790 2167 Arriano
814 2121 1006 2167 consensus.

281 2198 326 2262 Et
349 2199 496 2285 Curtius,
520 2211 554 2266 et
579 2203 756 2287 Arrianus,
786 2212 820 2268 et
845 2203 1028 2284 Diodorus,
1060 2198 1180 2285 Tyrios
1208 2196 1315 2282 primo

118 2294 120 2299 ’
197 2298 239 2364 ad
261 2323 414 2387 aggerem
437 2302 594 2372 advectos
616 2328 698 2389 esse,
722 2316 759 2370 ut
781 2306 991 2391 impedirent,
1012 2301 1191 2387 quominus
1214 2321 1317 2384 agger

196 2411 434 2488 exstrueretur,
458 2406 639 2492 tradunt4).
684 2408 752 2474 Sed
776 2409 816 2474 de
833 2408 886 2491 iis,
906 2430 990 2493 quae
1013 2411 1207 2489 sequuntur,
1231 2400 1316 2466 Our-

196 2503 263 2570 tius
287 2512 386 2590 atque
408 2507 571 2575 Arrianus
587 2511 815 2576 tantummodo
840 2517 1041 2596 congruunt,
1061 2505 1235 2573 Diodorus
1250 2502 1318 2568 dis·
1433 2575 1434 2579 ρ

198 2607 308 2675 sentit
355 2608 422 2674 Hic
450 2610 548 2694 enim,
577 2611 699 2699 Tyrios
733 2613 773 2679 ab
801 2612 995 2679 Alexandro
1028 2611 1132 2676 classe
1166 2607 1316 2695 repulsos

198 2730 272 2774 esse
295 2711 443 2796 exponit,
462 2713 600 2781 Curtius
621 2738 701 2781 vero
724 2725 824 2800 atque
841 2716 1003 2782 Arrianus
1012 2712 1130 2780 classis
1146 2734 1215 2779 non
1226 2731 1316 2774 men-

198 2810 321 2876 tionem
344 2812 483 2898 faciunt,
501 2817 562 2882 sed
589 2827 621 2881 et
644 2818 764 2883 milites
793 2815 975 2884 Alexandri
1003 2837 1087 2902 opus
1115 2812 1274 2879 facientes
1297 2833 1318 2874 a

195 2911 273 2998 pilis
296 2914 440 2981 hostium
461 2918 559 2984 coriis
581 2919 730 3005 velisque
754 2942 827 2987 esse
850 2919 1054 3003 defens0s⁵)‚
1083 2928 1117 2983 et
1142 2916 1177 2997 iu
1198 2913 1315 2980 ultimo

198 3036 320 3102 aggere
343 3015 425 3085 duas
448 3029 555 3087 turres
581 3044 652 3089 esse
676 3022 827 3106 eductas,
851 3022 892 3088 de
915 3022 1035 3107 quibus
1056 3020 1091 3085 in
1114 3039 1214 3086 naves
1237 3016 1315 3082 hos-

197 3117 282 3183 tium
305 3122 609 3208 appropinquantes
631 3125 698 3191 tela
718 3125 807 3193 iacta
828 3147 901 3192 esse
924 3132 1067 3191 narrant.

282 3377 303 3447 1)
321 3381 353 3434 ῦί.
374 3380 444 3438 curt
463 3379 520 3434 a2
546 3379 613 3452 §14
631 3380 708 3434 etto
732 3380 788 3435 ο.4
812 3381 860 3451 §3
882 3392 908 3434 et
924 3380 949 3436 4.
984 3382 1062 3434 Diod.
1083 3398 1104 3436 c.
1122 3377 1164 3431 41.
1201 3378 1274 3430 Gnrt.
1293 3394 1315 3428 ο.

196 3463 247 3516 111.
267 3467 281 3533 ξ
298 3464 323 3530 6,
341 3464 366 3534 7,
383 3465 408 3530 9,
427 3464 459 3517 11
477 3485 499 3519 c.
517 3464 540 3519 4.
560 3469 575 3535 5
593 3468 616 3522 1.
650 3469 730 3519 Diod.
751 3485 772 3519 ε.
790 3465 832 3522 42.
869 3461 1280 3531 eurt.o.3,13.1)ioao.43.

281 3567 303 3640 Ι)
321 3571 354 3622 cf.
374 3570 445 3622 curt.
466 3588 488 3623 ο.
505 3568 522 3621 2
540 3569 557 3641 §
575 3570 603 3623 7:
622 3587 734 3637 namque
752 3572 843 3621 urbem
861 3571 1032 3622 acontinanti
1045 3575 1155 3634 quatuor
1172 3567 1317 3616 stadiorum

196 3655 289 3705 fratum
308 3657 402 3720 dividit
419 3664 467 3707 ate.
493 3656 573 3710 Diod.
592 3674 613 3711 ο.
631 3655 666 3709 40
749 3640 794 3707 dccl
818 3654 845 3707 το“
870 3652 986 3724 τέτταρσι
1010 3653 1125 3712 σταδίοις
1150 3651 1317 3721 διείργεσθαι

196 3738 241 3804 τῆς
257 3735 370 3808 ἠπείρου
387 3757 441 3793 κτα.
474 3741 562 3794 Strab.
574 3743 649 3794 xvl.
668 3738 716 3806 ἥδε
733 3741 810 3800 πόλις
827 3737 935 3808 ἀπέχει,
955 3739 1048 3794 στάδια
1065 3734 1118 3792 aaa
1136 3738 1266 3801 θαλάττης
1282 3735 1316 3806 γ’.

281 3839 356 3911 ⁸)cl.
377 3842 618 3915 Ourt.1Vo.4§
641 3844 671 3898 ll
696 3842 785 3896 et12=
816 3845 942 3910 quosdam
969 3845 1048 3896 otiam
1074 3831 1161 3910 gladio
1181 3843 1316 3907 clipeoque

196 3930 321 3996 impulsos
338 3933 522 3997 praecipitavit
538 3931 720 4000 (Alexander).
755 3932 836 3986 Diod.
855 3948 876 3983 ο.
896 3929 929 3982 46
946 3929 1024 3990 αὐτὰς
1049 3926 1079 3982 δὲ
1102 3926 1317 3997 καθηγούμενος

196 4015 250 4067 τῶν
267 4013 306 4076 εἰς
318 4021 412 4084 χεῖρας
428 4014 595 4088 βιαζομένων
612 4016 671 4077 τούς
686 4015 739 4088 μὲν
751 4017 788 4090 τῷ
806 4016 898 4087 δόρατι
914 4033 975 4077 τους
986 4013 1016 4070 δὲ
1034 4016 1066 4085 τῇ
1079 4013 1199 4084 μαχαίρᾳ
1212 4011 1316 4066 πίπτων

197 4095 361 4166 ἀπέκτανεν,
379 4097 469 4162 ἐνίους
491 4101 586 4173 δ’πίπῇ
603 4104 635 4174 τῇ
656 4102 818 4174 περιφερείᾳ
838 4103 883 4168 τῆς
903 4097 1019 4161 doridos
1034 4097 1195 4171 ἀνατρέπων
1211 4115 1269 4152 ατο.

281 4202 303 4272 ⁴)
322 4207 354 4260 ef.
376 4207 437 4259 Arr.
457 4223 478 4258 a.
497 4204 539 4271 18,
555 4205 573 4259 ὃ
591 4215 618 4260 et
634 4205 658 4260 6.
678 4207 751 4264 Gurt.
770 4225 790 4260 ο.
807 4203 834 4271 2,
852 4204 886 4258 22
903 4214 930 4257 et
946 4203 988 4261 23.

280 4299 303 4376 ὅ)
323 4306 409 4358 curt.»
422 4310 496 4360 coria
512 4311 622 4376 velaque
640 4310 716 4361 Arm:
729 4307 940 4379 προκαλύμματα
953 4305 983 4362 δὲ
998 4304 1099 4376 δίρῥεις
1112 4302 1157 4360 καὶ
1176 4301 1315 4379 διφθέραι.
