3030 4950
743 355 763 418 6

194 550 474 640 confirmaverim,
495 580 592 643 quam
611 557 707 624 Raun
726 557 821 625 etiam
839 558 1043 644 argumentis
1062 556 1202 643 probare
1214 579 1313 622 ausus

194 661 284 744 est¹).
324 689 327 695 ·
354 659 583 743 Volquardsen
612 659 711 744 idem,
741 659 890 726 Diodoro
921 670 953 724 et
988 659 1104 725 Curtio
1133 659 1248 724 leviter
1279 667 1312 724 et

194 764 315 828 cursim
335 762 546 848 comparatis,
567 773 617 829 est
635 765 801 848 opinatus,
815 771 914 847 atque
927 762 1009 826 adeo
1021 773 1206 848 propterea,
1222 760 1312 847 quod

195 863 368 930 Diodorus
398 887 471 929 cum
502 865 621 931 Curtio
650 862 762 930 multis
787 864 870 928 locis
894 865 1069 946 consentit,
1090 887 1154 928 non
1179 863 1314 929 dubium

196 974 269 1032 esse
288 973 393 1052 putat,
412 965 491 1050 quin
514 965 680 1033 lliodorus
705 967 790 1031 libro
815 965 942 1031 decimo
965 966 1105 1051 septimo
1125 975 1315 1031 constanter

195 1068 398 1137 Clitarchum
424 1071 672 1155 excerpserit2).
717 1070 783 1137 Sed
807 1081 916 1135 tamen
938 1068 1188 1152 Volquardsen,
1213 1076 1313 1152 quum

194 1171 292 1237 aliam
311 1170 454 1236 Diodori
472 1183 598 1256 partem
619 1172 696 1236 data
715 1194 816 1258 opera
834 1178 1059 1257 perscrutatus
1078 1171 1132 1254 sit,
1155 1169 1313 1255 quodam-

195 1274 294 1339 modo
314 1281 425 1360 potest
443 1274 605 1356 excusari,
623 1274 719 1340 Rauu
737 1297 814 1338 vero
833 1271 1154 1359 negligentissimum
1173 1294 1313 1358 seprae-
1343 1265 1346 1270 “

194 1377 266 1442 buit
284 1384 462 1442 auctorem.
485 1463 488 1469 Ι

278 1479 396 1563 Neque
415 1502 492 1545 vero
511 1478 575 1546 hoc
594 1479 725 1564 quidem
744 1479 820 1544 loco
839 1479 873 1542 in
891 1499 1005 1544 omnes
1032 1476 1188 1543 historiae
1212 1476 1313 1541 Alex-

193 1580 289 1645 andri
305 1580 422 1666 Magni
440 1582 550 1648 fontes
568 1604 641 1647 sum
658 1581 888 1666 inquisiturus,
909 1580 969 1646 sed
988 1579 1216 1645 tantummodo
1229 1579 1312 1645 Dio·

195 1684 291 1766 doro,
309 1683 452 1749 Arriano
471 1706 509 1749 ac
528 1684 667 1750 maxime
688 1682 821 1770 quidem
841 1683 957 1752 Curtio
977 1706 1111 1769 operam
1130 1705 1235 1748 meam
1252 1682 1311 1745 im-

194 1785 316 1870 pertire
339 1786 506 1854 constitui.

675 2097 771 2216 (lap.
802 2098 832 2190 Ι.
975 2216 980 2227 ,

551 2272 600 2350 lte
624 2271 778 2351 lontibus
802 2271 956 2351 iliodori.

278 2421 356 2487 Jam
379 2420 522 2490 Sanctus
548 2422 701 2508 Crucius,
726 2422 838 2507 Gelon
860 2400 1014 2506 Mueller,
1039 2423 1105 2502 alii,
1129 2422 1219 2506 quod
1243 2421 1313 2489 Cli·

193 2523 301 2588 tarchi
319 2525 502 2609 fragmenta
524 2525 620 2591 valde
645 2548 717 2591 cum
737 2526 886 2592 Diodoro
906 2526 1167 2610 consentiunt³),
1187 2524 1313 2588 Diodo-

194 2650 265 2691 rum
290 2626 494 2693 Clitarchum
518 2629 738 2713 excerpsisse,
767 2629 979 2715 collegerunt.
1026 2629 1122 2711 Quae
1152 2627 1315 2692 sententia

194 2728 273 2792 mihi
292 2752 399 2817 rerum
423 2729 603 2795 Alexandri
626 2732 806 2817 scriptores
830 2731 1066 2818 pervestiganti
1088 2730 1226 2796 refutari
1248 2752 1314 2794 non

193 2853 293 2916 posse
317 2830 457 2914 videtur,
480 2834 673 2917 praesertim
697 2857 770 2898 curn
794 2841 828 2898 et
850 2857 888 2898 ex
912 2833 1085 2898 Ciceronis
1109 2844 1142 2897 et
1164 2856 1205 2896 ex
1227 2831 1314 2895 Plini

194 2933 328 3019 scriptis
346 2932 595 3020 intelligatur4),
615 2935 787 3001 Ciceronis
808 2936 1010 3022 temporibus
1024 2934 1183 3001 Clitarchi
1194 2935 1313 2999 librum

196 3037 371 3123 diligenter
394 3058 467 3102 esse
489 3037 621 3102 lectum.
678 3039 860 3103 Diodorum
883 3038 985 3124 igitur
1008 3061 1074 3102 non
1098 3061 1138 3103 ex
1166 3045 1313 3118 auctore,

195 3139 251 3225 qui
269 3137 447 3204 'Clitar-cho
475 3161 554 3204 usus
583 3140 636 3220 sit,
664 3140 723 3205 sed
752 3164 792 3205 ex
818 3142 891 3227 ipso
921 3138 1091 3205 Clitaroho
1126 3138 1313 3224 „celebrato

195 3241 386 3325 auotore“⁵)
405 3240 567 3325 hausisse,
588 3243 867 3307 veresimillimum
889 3253 947 3307 est.
983 3243 1101 3326 Itaque
1121 3241 1184 3306 hoc
1208 3240 1314 3306 solum

195 3344 383 3411 accuratius
403 3344 639 3429 exquirendum
664 3369 735 3412 esse
753 3355 847 3432 puto,
865 3354 975 3410 utrum
994 3368 1035 3409 ex
1059 3342 1229 3412 Clitareho
1241 3343 1312 3408 solo

193 3445 363 3511 Diodorus
383 3446 611 3531 expeditiones
624 3447 813 3519 ,Alexandri
830 3447 964 3512 decimo
981 3447 1124 3533 septimo
1137 3444 1222 3510 libro
1235 3467 1312 3509 ena-

195 3556 295 3633 ratas,
312 3571 352 3612 an
369 3571 412 3612 ex
429 3547 580 3635 pluribus
597 3549 745 3616 fontibus
764 3549 986 3635 exscripserit.

195 3707 398 3718 ..-————

278 3771 300 3841 1)
319 3773 352 3824 of.
370 3773 445 3824 Rrun
468 3773 505 3824 11.
524 3789 584 3839 pars
601 3790 627 3838 p.
647 3770 721 3825 1-3.

280 3857 302 3927 ἵ)
322 3860 354 3909 of.
373 3861 557 3925 Volquardsen
575 3877 599 3924 p.
619 3856 660 3910 28.

279 3943 303 4015 ³)
322 3947 354 3995 cf.
376 3946 500 3996 Mueller:
527 3947 667 4010 scriptores
694 3962 782 3996 rarum
811 3945 964 3999 Alexandri.
1004 3945 1161 4008 Fragmenta
1188 3942 1313 3993 clitarchi

196 4029 248 4095 lu,
266 4028 291 4094 ὁ,
309 4027 334 4093 8,
353 4027 378 4092 9,
398 4027 439 4093 12,
458 4027 499 4092 15,
518 4027 559 4093 16,
577 4027 686 4085 20-22.
721 4031 855 4081 Nonnulla
872 4030 1019 4096 fragmenta
1038 4045 1054 4079 a
1070 4029 1199 4079 Muellero
1223 4030 1312 4092 alluta,
1411 4053 1413 4057 ν

195 4124 224 4167 nt
242 4116 355 4181 exempli
374 4131 467 4167 caussa
483 4112 509 4178 3,
527 4112 580 4167 3a.
599 4117 694 4165 nullius
713 4132 768 4166 esse
786 4117 920 4178 momenti,
939 4122 1058 4180 apertum
1076 4122 1122 4165 est

280 4201 301 4265 4)
321 4203 353 4252 cf.
372 4201 496 4252 Mueller:
514 4203 659 4267 scriptores
677 4203 822 4253 Alexandri
840 4203 931 4272 fragm.
951 4201 1012 4253 crit.
1035 4202 1172 4270 praefatio.

280 4285 304 4361 5)
323 4288 359 4340 Ut
375 4288 446 4340 Plini
463 4289 550 4341 verbis
567 4296 632 4341 utar.
