3030 4950
740 377 779 440 19

736 645 777 714 Ε.

278 769 319 834 In
338 769 526 833 narratione
546 791 678 853 quoque
697 768 815 854 proelii
833 769 923 854 apud
937 768 1144 856 Gaugamela
1154 772 1321 837 commissi

193 893 391 937 consensum
412 871 550 955 Arriani
569 880 603 936 et
621 872 715 938 Curti
736 894 820 955 esse,
839 871 1061 957 explicaturus
1080 895 1163 939 sum.

280 992 314 1076 a)
334 992 371 1060 Si
391 994 475 1059 Curt
492 992 543 1058 IV
563 1015 591 1057 c.
615 993 660 1059 15.
681 998 700 1076 ξ
720 994 824 1057 9-12
841 1016 915 1057 cum
934 990 1034 1058 Diod.
1054 1016 1083 1058 c.
1092 994 1134 1058 59
1146 1017 1319 1080 compara-

195 1095 295 1178 veris,
315 1106 491 1181 utrumque
511 1119 550 1160 ex
570 1094 685 1160 eodem
705 1098 794 1161 fonte
806 1096 976 1162 Clitarcho
989 1096 1151 1180 hausisse,
1171 1099 1250 1164 satis
1269 1099 1321 1162 in·

192 1199 333 1284 telliges.
359 1198 427 1266 Sed
447 1222 530 1283 quae
550 1206 731 1282 sequuntur
751 1221 817 1263 non
842 1197 975 1263 omnino
995 1199 1215 1265 consentiunt.
1235 1199 1319 1264 Dio-

196 1302 300 1366 dorus
320 1302 407 1366 enim
426 1301 652 1366 tantummodo
672 1303 785 1385 tradit,
808 1302 921 1386 copias
941 1325 961 1366 a
982 1303 1121 1366 Mazaeo
1147 1301 1189 1366 ad
1213 1314 1320 1368 castra

194 1404 379 1490 diripienda
403 1404 531 1488 missas,
560 1404 714 1468 mandato
748 1426 906 1490 prospere
945 1405 1112 1485 confecto,
1143 1405 1321 1472 revertisse

193 1506 323 1572 felicem
344 1521 497 1573 eventum
516 1506 720 1583 nuntiantes3
747 1507 884 1572 Curtius
909 1529 988 1571 vero
1013 1506 1117 1587 addit,
1136 1507 1320 1591 Menidam,

194 1611 402 1695 praefectum
421 1610 569 1695 equitum
585 1609 777 1690 Alexandri,
799 1631 874 1673 cum
891 1610 1007 1696 paucis
1025 1609 1141 1675 turmis
1161 1610 1321 1676 auxilium

196 1712 442 1799 impedimentis
465 1712 607 1776 laturum
628 1712 816 1793 advenisse,
836 1704 894 1778 sed
914 1736 990 1778 cum
1008 1713 1167 1799 impetum
1180 1712 1321 1801 Scytha·

194 1839 266 1881 rum
287 1840 353 1882 non
373 1816 565 1896 sustineret,
586 1815 626 1879 ad
646 1839 758 1901 regem
777 1817 949 1900 refugisse.
985 1818 1070 1882 Tum
1093 1817 1321 1882 Alexandrum

190 1919 326 2000 Areten,
346 1919 464 1983 ducem
484 1918 701 2001 hastatorum,
722 1930 838 1982 contra
858 1918 1002 2004 Scythas
1023 1920 1196 2004 misissel).
1224 1919 1320 1985 Haec
1434 1970 1441 1986 s

191 2022 348 2105 narratio,
368 2044 451 2105 quae
471 2021 504 2084 in
523 2019 674 2084 Diodoro
695 2020 800 2103 deest,
820 2044 893 2085 cnm
910 2021 1052 2085 Arriano
1066 2045 1144 2086 vero
1157 2023 1319 2110 congruit.

192 2123 331 2190 Curtius
351 2123 435 2188 enim
457 2134 555 2208 atque
574 2123 737 2186 Arrianus
758 2122 897 2187 alterum
917 2146 1047 2209 agmen,
1067 2124 1205 2188 Menida
1224 2124 1320 2209 duce,

192 2228 342 2310 alterum,
368 2226 424 2291 illo
442 2228 572 2311 fugato,
592 2227 694 2290 Arete
715 2227 810 2309 duce,
831 2226 871 2290 ab
887 2225 1076 2290 Alexandro
1090 2226 1241 2291 hostibus
1260 2251 1321 2314 op-

191 2330 336 2416 positum
349 2351 434 2414 esse,
444 2329 624 2414 traduntt).
648 2328 721 2394 Hos
734 2328 837 2393 duces
848 2328 1009 2393 Arrianus
1023 2349 1101 2392 vero
1115 2328 1236 2395 missos
1249 2353 1321 2397 esse

192 2434 226 2497 in
246 2433 366 2498 Persas
386 2431 538 2497 dextrum
558 2455 661 2498 cornu
681 2432 922 2497 circumeuntes
941 2438 1063 2513 narrat,
1083 2453 1166 2515 quos
1186 2440 1220 2496 et
1236 2433 1321 2500 Dio.

193 2535 295 2600 dorus
315 2543 348 2599 et
364 2534 528 2600 Arrianus
548 2536 588 2599 ab
609 2534 758 2600 hostibus
770 2542 880 2600 castra
890 2534 1073 2600 Alexandri
1085 2534 1319 2602 invadentibus

192 2636 358 2703 discernit.
394 2637 514 2723 Itaque
537 2637 623 2703 haec'
643 2637 800 2721 narratio,
828 2660 912 2722 quae
932 2645 964 2702 et
986 2637 1020 2702 in
1039 2637 1188 2702 Diodoro
1214 2637 1321 2722 deest,

169 2751 224 2806 ,et
244 2763 319 2805 oum
338 2740 479 2806 Arriano
506 2742 690 2825 consentit,
715 2741 757 2805 ob
783 2763 855 2804 eam
874 2763 1027 2806 caussam
1050 2764 1069 2805 a
1093 2740 1211 2808 Curtio
1235 2741 1320 2806 falso
1383 2799 1385 2810 .

191 2842 266 2908 loco
286 2843 398 2927 posita
417 2830 489 2909 esse
508 2845 588 2910 mihi
606 2842 750 2927 videtur,
770 2842 860 2928 quod
879 2842 1015 2909 Curtius
1035 2844 1098 2909 hoc
1122 2843 1196 2909 loco
1223 2865 1320 2929 prae-

191 2955 242 3011 ter
261 2944 468 3013 Clitarchum
486 2947 618 3011 Arriani
637 2947 728 3011 fonte
747 2954 797 3011 est
814 2969 902 3011 usus.

275 3064 311 3150 b)
355 3064 423 3148 Ea,
443 3089 527 3150 quae
555 3067 587 3131 in
612 3065 731 3133 Curtio
757 3076 952 3150 sequuntur,
978 3089 1018 3132 ex
1045 3066 1217 3134 Clitarcho
1247 3091 1321 3136 esse

192 3166 406 3254 deprompta,
426 3169 455 3233 si
471 3167 626 3234 Curtium
644 3192 718 3234 cum
732 3168 883 3234 Diodoro
903 3168 1099 3254 contuleris,
1115 3171 1279 3238 concedes
1287 3173 1320 3257 Β).

191 3268 278 3335 Tum
301 3269 435 3355 quidem
463 3269 600 3337 Curtius
629 3294 745 3339 rursus
771 3295 846 3337 oum
871 3273 1015 3337 Arriano
1040 3274 1212 3358 convenit,
1236 3298 1320 3359 quae

192 3395 324 3458 quoque
348 3397 399 3439 res
419 3383 453 3438 et
475 3397 494 3438 a
518 3374 638 3442 Curtio
662 3384 696 3439 et
718 3375 759 3440 ab
772 3376 916 3440 Arriano
936 3385 1089 3442 narratae
1111 3376 1144 3453 in
1167 3376 1319 3443 Diodoro

192 3476 327 3556 desunt3
360 3483 499 3561 uterque
530 3478 616 3542 enim
640 3477 758 3560 tradit,
791 3478 992 3543 Bactrianos
1025 3479 1144 3544 deinde
1173 3503 1193 3543 a
1216 3479 1320 3544 Dario

191 3577 312 3644 missos
336 3600 469 3664 pugnae
493 3579 633 3646 vertisse
662 3579 830 3644 fortunam
862 3588 962 3665 atque
991 3579 1114 3646 multos
1137 3581 1321 3647 Alexandri

192 3681 312 3746 milites
336 3669 519 3767 necasse4).

277 4006 298 4079 ¹)
318 4012 349 4064 cl.
370 4011 442 4062 Curt.
461 4008 501 4061 IV
520 4027 542 4065 e.
561 4008 593 4063 15
612 4011 626 4075 ξ
645 4006 677 4060 12
696 4021 721 4060 et
739 4005 780 4061 13.

276 4106 297 4182 ²)
317 4117 350 4170 cf.
370 4117 431 4166 Art.
451 4114 501 4169 111.
520 4132 542 4167 c,
562 4111 604 4175 13,
623 4111 639 4165 2
658 4122 684 4164 et
701 4112 724 4165 3.
744 4132 765 4164 c.
779 4111 820 4176 14,
840 4112 924 4178 lsqq.

277 4211 347 4285 ἢεί.
367 4218 439 4273 Curt.
460 4234 480 4269 c.
494 4214 526 4269 15
545 4217 559 4282 ξ
577 4214 610 4267 17
630 4225 655 4268 ot
672 4217 751 4270 Diod.
770 4233 791 4267 c.
809 4213 851 4268 58.

276 4319 297 4391 4)
316 4322 348 4376 cf.
368 4321 442 4377 curt.
461 4339 483 4374 c.
502 4318 535 4372 lb
554 4322 568 4387 ξ
587 4318 619 4372 18
637 4328 663 4371 et
680 4323 743 4377 Ars.
760 4319 813 4370 111.
830 4336 852 4372 c.
871 4315 913 4386 13,
929 4315 954 4369 4.
