3030 4950
746 352 787 415 24

202 557 455 643 comparaveriS,
474 578 530 621 cos
550 556 645 621 valde
668 557 754 621 inter
777 580 812 621 se
832 557 1020 622 consentire
1039 557 1200 622 invenies.
1241 557 1322 623 Huc

202 660 343 743 accedit,
363 669 469 723 utres
488 668 557 723 eta
577 659 694 724 Curtio
714 668 746 722 et
765 682 784 722 a
801 659 981 724 Plutarcho
1006 669 1227 744 congruenter
1249 683 1325 724 nar·

201 772 291 828 ratae
310 764 344 827 in
362 762 513 827 Diodoro
533 770 590 826 aut
609 763 729 845 desint,
750 773 806 827 aut
824 786 844 826 a
863 762 979 828 Curtio
1000 763 1197 848 discrepent.

287 867 318 949 a)
338 865 602 948 Parmenionem,
623 863 739 931 Curtio
760 887 797 929 ac
816 864 994 929 Plutarcho
1014 865 1218 947 auctoribus,
1246 866 1322 930 dum

202 976 379 1055 pugnatur,
393 967 443 1032 bis
461 966 503 1030 ad
520 966 746 1032 Alexandrum
767 968 897 1033 misisse
916 966 1054 1051 legatos,
1075 967 1130 1050 qui
1150 968 1189 1031 ah
1210 991 1248 1032 eo
1267 990 1324 1052 pe·

201 1082 319 1153 terent,
350 1080 385 1134 ut
410 1071 475 1154 ipsi
499 1069 621 1134 auxilio
648 1070 786 1150 reniret,
811 1070 951 1154 primurn
977 1069 1074 1151 enim,
1100 1058 1175 1133 cum
1203 1069 1323 1134 Persae

202 1181 311 1238 castra
329 1173 552 1247 Macedonum
572 1173 843 1258 aggrederentur,
870 1170 989 1235 deinde
1007 1193 1081 1234 cum
1102 1179 1193 1235 etex
1215 1174 1323 1236 fronte

203 1285 236 1339 et
256 1298 296 1340 ex
311 1282 405 1361 tergo
423 1275 534 1340 hostes
547 1275 653 1360 ipsunt
673 1275 877 1340 invaderent.
898 1274 1069 1338 Diodorus
1081 1282 1189 1337 autem
1203 1286 1323 1358 narrat,

202 1378 429 1447 Ptolemaeum
453 1378 683 1442 tantummodo
704 1378 803 1443 semel
828 1377 1055 1441 Alexandrum
1084 1376 1242 1440 auxilium
1272 1401 1324 1441 ro-

203 1505 311 1568 gasse,
331 1504 431 1566 quurn
451 1480 565 1546 hostes
585 1480 747 1545 adnabus
767 1481 916 1565 partibus
936 1502 1009 1542 eum
1023 1478 1323 1564 aggrederenturll.

204 1583 312 1666 Quam
336 1585 558 1669 rogationem,
579 1582 696 1647 Curtio
716 1592 815 1666 atque
839 1580 1017 1644 Plutarcho
1038 1580 1246 1663 auctoribus,
1271 1603 1324 1646 se-

204 1685 461 1751 cundamfuisse
481 1697 630 1770 apertum
649 1695 708 1750 est.
747 1685 923 1749 Praeterea
942 1684 998 1748 illa
1016 1684 1158 1749 Diodori
1179 1688 1323 1751 narratio

204 1811 276 1853 curn
297 1788 392 1852 Curti
410 1810 449 1852 ac
468 1787 640 1870 Plutarchi
659 1810 856 1872 magnopere
876 1787 996 1851 differt.

287 1890 457 1955 Diodorus
498 1891 584 1954 enim
629 1890 785 1972 tradidit,
832 1889 1058 1953 Parmenionis
1104 1889 1241 1954 nuncios
1280 1892 1325 1981 ad

204 1992 431 2059 Alexandrum
458 2016 524 2056 non
551 1994 757 2078 pervenisse,
785 1991 843 2057 sed
879 1990 1069 2073 audientes,
1100 1991 1326 2058 Alexandrum

202 2097 342 2163 Darium
372 2105 624 2181 persequentem
659 2096 848 2180 longissime
875 2096 1095 2180 processisse,
1134 2096 1256 2159 infecta
1291 2119 1326 2162 re

204 2200 354 2265 rediisse.
375 2199 510 2265 Curtius
530 2223 608 2263 vero
624 2221 662 2263 ac
673 2198 885 2280 Plutarchus,
898 2199 1055 2262 nuncium
1074 2198 1166 2261 illum
1179 2196 1326 2262 Alexan·

205 2303 265 2368 dro
286 2302 431 2366 delatum
451 2323 534 2383 esse,
555 2324 620 2385 quo
640 2302 834 2386 gravissime
852 2309 1053 2364 commotum
1066 2299 1326 2366 eumrevertisse

205 2405 471 2490 prodiderunt2).

294 2508 329 2591 b)
347 2507 399 2572 De
417 2509 524 2592 primo
541 2507 659 2571 nuncio
674 2506 920 2570 aParmenione
932 2506 973 2569 ad
984 2504 1210 2569 Alexandrum
1225 2505 1325 2570 misso

208 2610 341 2676 Curtius
361 2631 399 2673 ac
419 2608 620 2674 Plutarchus
650 2609 735 2672 idem
766 2610 942 2685 narrant3).
981 2606 1227 2688 Alexandrum,
1253 2630 1328 2671 cum

208 2713 383 2776 Parmenio
407 2712 447 2776 ab
476 2733 514 2775 eo
537 2712 719 2796 petivisset,
749 2721 786 2774 ut
804 2710 926 2775 auxilio
946 2712 1089 2793 veniret,
1115 2713 1203 2794 quod
1223 2717 1329 2776 castra

207 2816 240 2878 in
269 2814 417 2900 periculo
447 2825 573 2896 essent,
601 2815 812 2878 Parmenioni
842 2813 1063 2898 respondisse,
1100 2836 1147 2895 se,
1189 2815 1328 2878 victoria

208 2917 339 3002 adepta,
359 2940 424 2980 non
445 2916 543 2980 modo
563 2939 623 2980 sua
641 2939 712 2980 esse
732 2925 996 3001 recuperaturos
1017 2914 1076 2980 sed
1097 2919 1193 2980 etiam
1208 2917 1328 2997 omnia,

209 3043 292 3105 quae
311 3018 455 3083 hostium
479 3027 602 3100 essent,
627 3028 864 3104 occupaturus;
892 3041 984 3100 eum,
1009 3027 1200 3104 contempto
1225 3019 1328 3085 sarci-

206 3145 320 3187 narum
353 3121 490 3204 damno,
520 3121 650 3185 fortiter
686 3108 867 3185 dimicaret.
920 3122 1097 3185 Praeterea
1124 3121 1259 3186 Curtius
1297 3130 1329 3185 et

209 3224 408 3313 Plutarchus
427 3226 490 3293 soli
509 3225 670 3309 produnt,
689 3224 914 3289 Alexandrum
934 3226 1079 3289 secundo
1100 3224 1329 3289 Parmenionis

209 3327 330 3391 nuncio
353 3327 461 3391 redire
490 3338 687 3412 permotum,
719 3326 758 3390 de
790 3349 866 3390 vera
892 3326 1053 3390 redeundi
1081 3349 1199 3392 caussa
1224 3327 1329 3411 copiis

209 3505 412 3514 ——-——·—

277 3603 299 3674 1)
318 3605 389 3656 Ceut.
409 3604 456 3654 1v.
477 3601 698 3669 c.15§6etc.
718 3602 750 3655 16
768 3605 782 3671 ξ
799 3601 824 3657 2.
841 3604 908 3654 Plut.
929 3621 949 3653 c.
968 3601 1010 3666 32,
1029 3600 1045 3652 2
1064 3610 1090 3652 et
1108 3619 1130 3657 c.
1148 3599 1189 3665 33,
1208 3601 1231 3653 5.
1250 3602 1329 3652 Diod.

210 3709 231 3743 a.
249 3689 291 3741 60.
311 3693 369 3739 Arr.
388 3689 439 3738 Ill.
459 3705 479 3739 c.
497 3685 536 3739 15.
557 3686 642 3748 Quum
661 3690 789 3738 Arrianus
808 3696 834 3738 et
852 3705 909 3738 cum
919 3689 1032 3739 Diodori
1052 3691 1201 3739 narratione
1221 3703 1329 3738 consen·

209 3779 278 3827 tiens
301 3776 465 3826 aPlntarchi
488 3791 519 3825 ac
544 3773 619 3825 Curti
642 3776 795 3839 discrepans
824 3777 899 3824 nnius
922 3775 1101 3824 tantummodo
1127 3775 1213 3823 nuncii
1234 3775 1330 3824 aPar-

210 3865 331 3914 menione
350 3863 383 3911 ad
394 3862 574 3911 Alexandrum
592 3863 663 3911 missi
682 3863 846 3911 mentionem
859 3861 948 3923 faciat,
969 3869 993 3908 et
1004 3861 1127 3921 eiusdem,
1147 3859 1217 3909 cuins
1228 3858 1328 3910 Diodo-

210 3966 263 4012 rus,
282 3958 398 4015 apertum
418 3958 465 4010 est,
483 3950 554 4000 hanc
572 3949 684 3999 Diodori
703 3950 878 3998 narrationem
898 3964 950 3998 non
969 3954 1111 4010 propterea
1128 3961 1183 3994 cnm
1205 3945 1280 3995 Curti
1298 3961 1328 3995 ac
1420 3986 1423 3994 .

210 4036 343 4086 Plutarchi
363 4036 519 4098 discrepare,
539 4037 608 4100 quod
627 4051 643 4084 u
655 4036 774 4085 Diodoro
793 4035 826 4083 sit
845 4041 976 4098 corrupta,
995 4033 1041 4082 sed
1060 4047 1169 4082 eamax
1187 4033 1239 4083 alio
1257 4033 1330 4083 fonte

210 4124 406 4187 transscriptam
425 4137 491 4189 esse,
510 4122 656 4172 veresimile
675 4128 720 4170 est.

278 4205 301 4274 Σ)
320 4207 405 4258 Cart:
427 4207 581 4268 „frendente
600 4206 778 4256 Alexandro“.
799 4207 883 4256 Plut.:
904 4202 933 4266 ,d
952 4201 1072 4272 βασιλεῦς
1090 4199 1221 4262 desudate.

279 4290 301 4362 ³)
322 4293 394 4344 Curt.
412 4293 458 4342 IV.
478 4309 500 4344 c.
519 4290 558 4344 15,
578 4293 592 4360 ξ
610 4289 625 4341 7
643 4298 670 4340 et
686 4289 710 4341 8.
730 4291 797 4342 Plut.
819 4292 894 4343 Alex.
915 4307 935 4340 c.
954 4288 996 4352 32,
1014 4287 1038 4345 3.
