3030 4950
748 321 790 386 26

206 525 421 607 conveniant,
451 549 493 590 ex
514 524 632 592 eodem
655 526 746 591 fonte
765 549 837 593 esse
855 529 1034 614 exscripta,
1064 551 1105 594 ex
1123 553 1201 614 quo,
1231 554 1322 616 quae

205 629 417 714 praecedant,
435 627 469 691 id
489 638 539 693 est
557 652 598 693 ex
610 627 824 713 Callisthene,
844 632 1121 696 veresimillimum
1141 642 1202 699 est.
1221 632 1323 699 Unde

205 729 319 815 colligi
340 739 461 816 potest,
489 731 642 798 Curtium
665 755 796 817 quoque
825 733 913 798 illam
937 735 1157 800 narrationem
1186 758 1227 800 ex
1245 735 1324 802 Cal-

205 831 345 898 listhene
366 833 525 902 hausisse.

287 953 403 1019 Altero
429 954 505 1019 loco
525 954 749 1022 Callisthenes
772 979 792 1019 a
813 956 995 1021 Plutarcho
1021 958 1128 1023 media
1152 959 1186 1023 in
1209 982 1322 1024 narra-

203 1056 292 1120 tione
311 1056 352 1121 de
365 1055 581 1124 Parmenione
599 1059 718 1122 iterum
742 1059 783 1122 ah
799 1058 990 1123 Alexandro
1009 1061 1169 1126 auxilium
1187 1071 1323 1146 petente

203 1159 323 1224 citatus
354 1168 415 1240 est,
445 1185 543 1246 quam
572 1185 647 1227 curn
670 1161 786 1226 Curtio
819 1162 1018 1243 consentire,
1049 1186 1069 1226 a
1097 1164 1215 1229 ceteris
1241 1187 1320 1230 vero

203 1261 422 1346 scriptoribus
445 1265 568 1330 distare
587 1266 650 1328 iam
667 1286 768 1348 supra
785 1264 868 1329 satis
887 1264 1112 1330 demonstravi
1122 1267 1163 1352 ¹).

288 1382 418 1464 Quibus
441 1406 482 1448 ex
504 1385 706 1470 argumentis
730 1385 882 1449 omuibus
906 1385 1105 1451 concludere
1129 1409 1320 1472 possumus,

202 1485 353 1552 Curtium
372 1485 534 1570 proelium
554 1499 587 1550 et
604 1486 692 1571 aqud
711 1487 821 1552 Issum
836 1497 868 1551 et
878 1487 965 1571 apud
978 1487 1185 1574 Gaugamela
1198 1488 1320 1555 lactum

200 1599 387 1652 narrantem
405 1589 589 1673 inspexisse
610 1588 859 1655 Callisthenem.
879 1589 958 1672 Quo
978 1592 1145 1675 exposito,
1166 1591 1318 1657 Curtium

200 1691 311 1755 multis
331 1691 403 1756 aliis
423 1714 555 1776 quoque
572 1693 669 1776 locis,
693 1692 824 1776 quibus,
844 1715 918 1756 cum
937 1716 1044 1777 pauca
1063 1695 1161 1759 modo
1182 1718 1223 1759 ex
1241 1697 1319 1762 Cal-

198 1793 339 1858 listhene
367 1794 553 1880 fragmenta
579 1797 645 1860 siut
670 1797 808 1877 tradita,
837 1819 903 1860 nou
934 1798 1079 1881 perspici
1098 1810 1220 1883 potest,
1239 1798 1318 1866 Cal-

199 1895 341 1962 listhene
360 1918 455 1961 usum
475 1919 563 1979 esse,
583 1898 736 1983 colligere
754 1900 841 1963 licet.

715 2123 798 2210 Μ.

284 2277 435 2343 Curtium
454 2287 586 2362 praeter
605 2277 1054 2361 Clitarchum,Polemaeum,
1068 2277 1317 2361 Callisthenem,

199 2379 272 2444 aliis
297 2402 428 2466 quoque
453 2381 600 2466 fontibus
624 2403 696 2447 esse
719 2404 830 2464 usum,
854 2380 970 2466 paucis
991 2380 1099 2445 verbis
1123 2403 1195 2445 sum
1215 2404 1317 2466 expo·

198 2482 332 2549 siturus.

283 2602 380 2667 Curti
402 2605 627 2670 narrationem
645 2604 867 2670 Alexandriae
886 2602 1042 2667 conditae
1061 2612 1161 2687 atque
1181 2604 1317 2688 expedi-

198 2705 297 2771 tionis
315 2706 359 2770 ad
376 2712 571 2772 Ammonem
590 2709 700 2773 factae
719 2716 857 2793 propter
875 2705 1052 2769 maximum
1071 2728 1146 2769 cum
1164 2705 1317 2771 Diodoro

197 2830 396 2874 eonsensum
414 2833 454 2874 ex
471 2810 641 2875 Clitarcho
661 2833 733 2876 esse
751 2809 915 2892 haustam,
934 2808 991 2892 qui
1009 2809 1119 2872 fontes
1140 2807 1318 2893 diligenter

196 2911 395 2996 inspexerit,
430 2915 598 2978 concedet.
628 2913 797 2978 Nonnulla
827 2933 958 2996 quoque
998 2919 1192 2994 argumenta
1219 2909 1316 2975 Raun

196 3015 352 3102 attulit2).
373 3016 449 3099 Qua
467 3038 508 3080 ex
527 3015 715 3079 narratione
734 3014 831 3079 unius
851 3013 916 3077 loci
935 3013 1135 3076 mentionem
1154 3035 1228 3078 sum
1246 3014 1315 3077 fac-

197 3128 304 3201 turus,
335 3118 392 3202 qui
420 3141 441 3181 a
467 3118 584 3183 Curtio
609 3141 650 3182 ex
673 3117 736 3180 alio
762 3117 853 3180 fonte
874 3125 926 3180 est
944 3116 1140 3201 exscriptus.
1178 3113 1316 3180 Curtius

197 3222 282 3285 enim
302 3222 460 3304 narrat³):
479 3220 590 3302 „Cum
611 3243 668 3284 rex
686 3219 777 3284 urbis
797 3219 917 3283 futuris
931 3220 1032 3284 muris
1045 3220 1227 3305 polentam,

196 3324 410 3399 destinassem
428 3324 537 3388 avium
557 3346 675 3410 greges
695 3323 881 3406 advolasse,
902 3331 935 3387 et
952 3323 1088 3407 polenta
1106 3344 1178 3386 esse
1188 3330 1316 3407 pastas:

196 3448 335 3511 cumque
371 3425 406 3489 id
434 3448 529 3490 omen
562 3449 623 3510 pro
656 3426 743 3490 tristi
771 3448 790 3489 a
816 3426 984 3510 plerisque
1014 3437 1102 3490 esset
1128 3434 1315 3510 acceptum3

194 3530 408 3614 respondisse
426 3540 528 3612 vates,
548 3552 699 3614 magnam
718 3527 806 3592 illam
820 3529 935 3593 urbem
946 3529 1146 3593 advenarum
1159 3529 1315 3612 frequen-

195 3633 272 3695 tiam
292 3632 465 3713 culturam,
485 3631 663 3716 multisque
682 3654 753 3695 eam
772 3632 866 3694 terris
886 3630 1042 3695 alimenta
1056 3629 1315 3722 praebituram“.
1392 3714 1399 3729 .
1463 3668 1467 3677 ·

279 3736 312 3817 a)
344 3735 411 3817 Qui
429 3735 524 3799 locus
544 3743 576 3798 et
597 3735 630 3796 in
655 3732 808 3797 Diodoro
833 3732 942 3815 deest,
967 3734 1053 3796 etin
1080 3731 1197 3797 Curtio
1221 3744 1314 3799 extra

195 3839 392 3904 narrationis
421 3838 569 3903 ordinem
597 3848 647 3903 est
673 3838 811 3922 positus.
848 3836 900 3901 De
926 3837 1018 3902 urbis
1043 3859 1136 3901 muro
1162 3836 1248 3900 enim
1273 3836 1314 3900 ab

193 4014 397 4026 -..——-—

260 4113 281 4181 1)
300 4116 333 4169 cf.
352 4132 377 4180 p.
395 4111 430 4166 24
447 4114 483 4182 a).

260 4198 282 4265 ²)
300 4202 332 4255 cl.
351 4201 427 4252 Raun
445 4218 470 4265 p.
490 4197 523 4251 13
541 4209 568 4250 et
585 4197 625 4249 14.

261 4283 282 4353 Β)
301 4288 371 4338 Cart.
390 4287 437 4337 IV.
457 4304 480 4340 c.
498 4283 522 4340 8.
543 4287 558 4354 ξ
575 4284 598 4337 6.
