3030 4950
755 359 796 424 10

209 561 297 645 data,
324 584 399 628 eum
422 562 517 630 Jovis
538 564 643 631 filium
673 588 744 632 esse
757 568 791 644 ¹).
828 565 998 631 Diodorus
1025 588 1119 648 voro,
1144 566 1328 651 eodemque

209 665 308 731 modo
326 665 473 748 Curtius,
492 668 549 750 qui
568 665 669 731 multa
686 691 845 754 responsa
863 668 1193 751 enumerant-omnia
1217 670 1327 735 verbis

209 790 281 835 esse
301 769 400 853 edita,
419 767 647 854 prodiderunt.

293 872 409 956 ltaque
437 872 622 957 fragmenta
645 873 857 940 Callisthenis
877 897 949 938 cunr
972 872 1122 938 Diodoro
1143 895 1209 938 non
1228 874 1325 938 modo

207 998 273 1039 non
292 974 490 1058 consentire,
510 974 568 1040 sed
588 976 685 1040 etiam
704 976 744 1042 ab
765 1001 803 1042 eo
822 999 957 1063 prorsus
981 975 1152 1058 dissidere,
1176 985 1326 1061 apertum

207 1086 266 1143 est.
302 1077 421 1161 Neque
438 1087 607 1162 praeterea
623 1078 656 1143 in
676 1079 816 1145 Diodori
835 1079 1023 1144 narratione
1040 1078 1107 1142 ulla
1125 1089 1214 1143 certa
1236 1080 1326 1145 inve·

206 1181 343 1244 niuntur
368 1179 508 1264 indicia,
534 1182 718 1265 exquibus
747 1182 946 1248 concludere
976 1181 1096 1267 possis,
1121 1180 1327 1248 Callisthene

207 1280 394 1347 Diodorum
414 1306 486 1349 esse
505 1306 609 1349 usum.
639 1283 849 1370 Quamquam
868 1285 1000 1370 quidem
1019 1283 1099 1349 satis
1120 1291 1262 1367 constat,
1292 1285 1325 1349 in

206 1383 418 1452 Callisthenis
438 1409 538 1473 opere
550 1410 735 1452 connexum
745 1386 919 1472 quemdam
935 1409 1010 1452 cum
1020 1385 1168 1450 Homero
1178 1386 1324 1466 fuisset,

205 1495 315 1552 tamen
339 1511 430 1572 cave,
450 1489 599 1577 colligas,
621 1489 760 1554 Diodori
779 1490 871 1555 locos
891 1512 964 1554 oum
976 1488 1124 1555 Homero
1144 1490 1324 1555 cohaeren-

202 1599 252 1656 tes
268 1613 308 1656 ex
332 1591 535 1658 Callisthene
555 1615 626 1659 esse
643 1593 792 1676 haustos,
812 1616 913 1677 quum
932 1593 1064 1678 plurimi
1082 1594 1190 1660 fontes
1214 1616 1324 1658 rerum

205 1691 245 1757 ab
264 1693 412 1760 Homero
431 1704 636 1760 narratarum
654 1696 855 1770 mentionem
873 1696 1039 1779 faciant³).

285 1795 403 1880 Itaque
423 1807 570 1879 nonest,
598 1820 657 1864 cur
675 1808 839 1884 putemus,
866 1799 1089 1864 narrationem
1109 1800 1151 1865 de
1175 1800 1323 1866 Alexan-

205 1897 264 1963 dro
282 1899 317 1963 in
335 1899 451 1964 Asiam
468 1899 701 1965 transvehente
720 1923 827 1984 neque
850 1901 958 1965 minus
984 1901 1024 1965 de
1045 1902 1252 1989 *parentando
1277 1901 1320 1967 ad

202 2001 343 2067 Achillis
367 2001 527 2067 tumulum
550 2025 569 2066 a
593 2002 741 2067 Diodoro
767 2002 818 2067 vel
843 2003 913 2080 eius
931 2003 1024 2068 fonte
1048 2027 1089 2069 ex
1113 2003 1317 2071 Callisthene

99 2138 104 2150 x
201 2102 351 2170 haustam
382 2126 465 2169 esse.
514 2103 622 2188 Quam
654 2105 795 2170 fontium
827 2107 1048 2172 narrationem
1080 2131 1144 2172 non
1180 2108 1221 2173 ob
1252 2132 1323 2173 cam

203 2228 352 2272 caussam
378 2230 452 2272 oum
480 2208 628 2274 Homero
653 2208 845 2292 cohaerere,
869 2210 959 2293 quod
984 2233 1025 2275 ex
1049 2209 1251 2276 Callisthene
1279 2213 1323 2277 sit

202 2311 379 2397 exscripta,
404 2312 475 2396 sed,
500 2312 589 2396 quod
614 2312 803 2378 Alexander
828 2336 893 2377 non
917 2312 1016 2376 modo
1039 2311 1224 2377 Homerum
1249 2312 1323 2377 dili-

200 2423 315 2498 genter
333 2413 462 2498 legerit,
482 2415 541 2479 sed
565 2415 663 2480 etiam
687 2414 823 2480 heroum
847 2414 1104 2479 Homerioornm
1131 2415 1321 2480 memoriam

201 2537 398 2601 quocunque
426 2516 527 2583 modo
556 2519 695 2583 coluerit
723 2527 822 2602 atque
847 2518 1089 2602 observaverit,
1122 2542 1218 2583 nemo
1249 2520 1322 2603 erit,

199 2617 278 2702 quin
293 2618 465 2706 intelligat.

285 2721 436 2787 Curtium
455 2723 589 2808 quidem
600 2723 750 2808 pluribus
763 2722 911 2806 fontibus
922 2724 1007 2788 inter
1022 2747 1104 2809 quos
1117 2723 1321 2791 Callisthene

199 2845 331 2908 quoque
349 2848 445 2890 usum
464 2849 548 2909 esse,
568 2826 648 2892 satis
668 2826 827 2912 probasse
846 2825 926 2890 mihi
938 2827 1103 2912 videor4).
1123 2827 1216 2909 Quos
1228 2826 1322 2893 locos

200 2964 404 2976 ---.--

282 3028 303 3098 ¹)
321 3031 420 3088 Callist.
431 3048 472 3099 ap.
482 3032 566 3085 Strab.
583 3033 667 3084 XVII
682 3051 707 3100 p.
725 3031 789 3086 813:
808 3028 856 3100 οὐχ
951 3031 1143 3092 ἀποθεσπίσας
1160 3031 1206 3084 διὰ
1224 3031 1321 3101 λόγων,

197 3116 263 3173 ἄλλα
281 3119 393 3188 νεύμασι
413 3115 458 3170 καὶ
477 3119 619 3187 συμβόλοις
638 3117 666 3171 τὸ
688 3115 771 3173 πλέον
783 3119 928 3174 ....τοῦτο
948 3115 1042 3187 μέντοι
1064 3119 1147 3186 ῥητῶς
1164 3115 1253 3172 εἰπεῖν
1274 3114 1320 3170 τὸν

197 3206 347 3274 ἄνθρωπον
364 3203 433 3271 πρὸς
450 3203 496 3256 τὸν
512 3202 630 3272 βασιλέα,
650 3200 689 3256 ὅτι
706 3205 746 3268 εἴη
765 3202 828 3263 Διὸς
845 3201 910 3262 aare.

280 3287 301 3354 λ)
321 3292 353 3340 cf.
372 3289 484 3340 Mueller
500 3291 594 3355 fragm.
615 3291 734 3345 Callisth.
752 3291 881 3356 praefatio
900 3307 924 3354 p.
943 3286 968 3341 8.

279 3373 301 3445 ³)
320 3376 387 3426 Plut.
406 3376 482 3425 Alex.
502 3392 523 3426 c.
541 3373 575 3427 36
672 3371 749 3435 αὐτὸς
766 3373 819 3444 ἔφη
838 3372 886 3441 τήν
899 3371 1002 3426 Ἰλιάδα
1020 3374 1184 3444 φρουρήσειν
1201 3368 1320 3427 ἐνταῦθα

195 3458 386 3531 καταθέμενος.
421 3458 471 3512 Καὶ
488 3461 568 3513 ταῦτα
583 3458 637 3530 μὲν
655 3457 716 3514 οὐκ
742 3457 863 3530 ὀλίγοι
887 3461 940 3513 τῶν
965 3456 1126 3522 ἀξιοπίστων
1149 3460 1319 3528 μεμαρτυρή-

195 3562 280 3599 κασιν.
315 3544 348 3598 Εἰ
373 3543 469 3615 δ’ὅτιερ
491 3543 676 3616 Ἀλεξανδρεῖς
700 3546 823 3617 λέγουσιν
838 3546 1002 3616 ‘spanniis
1022 3544 1194 3609 scarabones,
1220 3540 1317 3608 ἀληθές
1352 3584 1353 3587 ¹

195 3626 273 3696 ἐστιν,
292 3628 339 3684 oria
357 3627 441 3701 ἄργος
459 3627 518 3684 οὐδ’
530 3629 677 3702 ἀσύμβολος
689 3630 761 3705 αὐτῷ
772 3632 954 3702 συστρατεύειν
969 3629 1187 3702 ἔοικενὍμηρος-
1201 3627 1319 3698 Λέγουσι

194 3717 258 3787 γὰρ,
278 3715 316 3770 ὅτι
334 3735 388 3771 κτα.
408 3721 503 3784 quain
522 3723 673 3771 narratione
692 3723 810 3785 sequenti
830 3722 908 3770 etiam
928 3721 979 3770 duo
998 3735 1088 3770 versus
1106 3719 1240 3768 Homerici
1259 3726 1320 3768 sunt

197 3807 270 3855 citati
288 3821 320 3855 ex
340 3805 434 3869 Odyes.
452 3806 499 3855 IV.
517 3803 569 3856 354
587 3816 611 3856 et
630 3803 688 3857 355.
725 3807 866 3856 Praeterea
882 3808 1009 3872 inspicias
1035 3807 1097 3858 Arr.
1115 3804 1136 3853 I.
1156 3820 1179 3866 c,
1198 3799 1240 3865 11,
1257 3801 1274 3854 5
1293 3812 1319 3854 et

193 3890 240 3940 VI.
265 3907 287 3941 ο.
313 3886 350 3953 10,
373 3887 401 3953 23
433 3907 510 3955 quum
534 3895 602 3942 enim
621 3892 750 3942 Arrianus
769 3894 917 3942 narrationi
935 3894 966 3942 de
984 3891 1139 3952 Protesilao,
1167 3889 1211 3954 qui
1233 3888 1316 3941 Grae·

195 3993 284 4027 corum
302 3982 395 4026 contra
412 3977 542 4028 Troianos
560 3978 780 4043 proficiscentium
797 3978 896 4043 primus
918 3979 948 4028 in
963 3979 1055 4029 Asiam
1073 3976 1167 4041 pedem
1184 3974 1274 4025 intulit
1291 3983 1317 4026 et

196 4063 228 4111 de
251 4053 324 4112 acuto
342 4061 425 4113 Iliaco
443 4063 524 4113 verba
551 4062 645 4132 »λόγος
662 4057 741 4127 ἐστίν,
764 4060 912 4132 ls'yovow‘,
939 4079 992 4114 non
1010 4063 1099 4124 addat,
1127 4076 1185 4111 eam
1211 4068 1256 4110 eut
1282 4076 1315 4111 ex

194 4127 346 4198 Ptolemaio
365 4157 410 4199 aut
427 4166 459 4199 ex
478 4150 630 4202 Aristobulo
653 4151 828 4216 conscriptam
846 4166 918 4213 esse,
937 4165 970 4200 ex
993 4151 1074 4214 ipsius
1097 4147 1184 4212 operis
1210 4148 1314 4209 praefa-

193 4236 265 4286 tione
282 4236 383 4300 percipi
400 4244 495 4300 potest.

276 4317 298 4386 ⁴)
317 4322 349 4374 cf.
367 4337 392 4386 p.
412 4318 443 4370 11
461 4336 518 4388 sqq.
