3030 4950
670 812 750 950 Vt
764 866 789 984 t
802 885 852 955 a.

275 1163 386 1240 Natus
405 1197 474 1238 sum
492 1197 545 1260 epo
565 1175 726 1260 liudolfus
744 1173 944 1259 Petersdorff
964 1199 994 1238 a.
1013 1175 1043 1238 d.
1063 1171 1139 1236 XV.
1160 1171 1225 1237 Cat.
1243 1173 1311 1237 JuI.

192 1283 271 1347 aurii
296 1275 547 1349 MDCCCXLV
564 1281 599 1340 iu
609 1278 829 1358 „Budsobeu“
848 1298 948 1364 prope
968 1270 1313 1362 Auperburpiamsiw,

192 1407 272 1472 quae
291 1393 337 1446 est
353 1380 429 1445 urbs
442 1380 617 1465 Berussiac
637 1368 814 1461 orientalis,
829 1392 926 1467 patre
940 1379 1066 1459 Curato,
1079 1380 1240 1442 uuaciam
1259 1400 1314 1442 sou

191 1509 292 1552 auaos
314 1496 455 1567 mortuo,
482 1494 583 1549 matre
609 1485 723 1548 Louise
752 1508 767 1549 e
793 1495 883 1571 perite
912 1481 1180 1568 Huadsdoerffer‚
1211 1483 1314 1546 adbuc

96 1611 101 1622 ·
191 1591 368 1677 superstite.
393 1585 489 1668 Fidei
507 1588 655 1651 addictus
679 1610 748 1651 sum
766 1587 975 1672 eoaupebicae.
1001 1587 1127 1667 ,Primis
1149 1587 1315 1650 literarum

191 1695 349 1761 elemcutis
368 1693 404 1754 iu
418 1693 706 1776 praestantissima
730 1691 819 1754 urbis
844 1691 980 1755 Loeteeu
1002 1690 1107 1754 soboba
1125 1688 1262 1753 imbutus
1280 1689 1316 1750 iu

192 1798 365 1863 secuudum
397 1795 561 1882 ppmaasii
594 1791 882 1878 Rasteuburpeusis
917 1794 1045 1858 classem
1080 1815 1100 1854 a
1134 1791 1316 1856 doctissimo

193 1905 347 1987 directore
359 1897 487 1962 Tecboio
499 1921 568 1962 sum
577 1907 730 1980 receptus.
743 1897 819 1960 Post
831 1909 982 1982 quartum
994 1917 1125 1974 cauum,
1138 1895 1316 1959 testimonio

192 2004 394 2068 maturitatis
413 2013 550 2087 accepta,
569 2026 598 2064 o.
612 2002 641 2065 d.
658 1999 741 2064 VIII
751 1999 913 2065 Cai.Nor.
933 2024 963 2062 a.
985 1997 1073 2064 1865
1092 2022 1120 2063 a.
1134 1997 1317 2084 professore

192 2108 410 2172 illustrissimo
419 2105 662 2186 Is'riedbaeuder,
675 2116 750 2168 tuuc
757 2115 938 2190 prorectore
947 2102 1114 2188 mopm'fico
1124 2102 1317 2167 Academiae

194 2211 379 2275 Albertiuae
403 2209 653 2295 Repimoutouae
677 2211 756 2272 ciois
778 2207 890 2292 foetus
919 2230 988 2270 sum
1016 2207 1185 2290 ordinique
1212 2209 1316 2292 pbilo-

193 2315 363 2400 sopborum
388 2312 581 2396 adscriptae.
630 2310 698 2389 Quo
721 2334 757 2374 eu
781 2321 918 2396 tempore
941 2310 1152 2374 iucliuatiorie
1176 2310 1317 2396 quadam

192 2419 305 2478 meretis
331 2415 443 2477 dicatus
467 2416 643 2500 praecipue
672 2415 832 2478 historicis
861 2414 978 2477 studiis
1006 2435 1135 2499 operam
1159 2414 1246 2496 dedi,
1274 2416 1318 2478 od

193 2521 340 2582 criticam
352 2516 548 2601 facultatem
558 2529 690 2582 meatem
703 2517 851 2602 formare
868 2517 1005 2581 studeas.
1026 2516 1153 2581 Studiis
1160 2519 1316 2603 peractis,

193 2632 321 2687 eeamca
337 2642 398 2706 pro
411 2620 574 2706 facultate
593 2621 722 2685 dicendi
739 2619 870 2701 absolui,
890 2641 951 2704 quo
974 2641 1010 2683 eu
1022 2630 1158 2706 tempore
1176 2622 1212 2684 iu
1229 2643 1317 2708 pym-

191 2727 282 2788 uasio
304 2723 497 2804 chaisoasi,
517 2723 575 2787 sub
596 2725 751 2809 auspiciis
772 2724 952 2787 doctissimi
973 2733 1004 2787 et
1021 2724 1246 2803 humanissimi
1263 2726 1316 2788 di-

194 2827 329 2908 rectoris
346 2827 435 2890 Keru
453 2829 591 2891 maaime
609 2827 738 2904 doreute
756 2849 825 2889 sum
837 2826 1036 2912 probandus.

278 2929 467 2994 Dooueruut
483 2951 531 2993 me
545 2941 678 3016 praeter
695 2931 802 2993 airum
820 2930 1036 2993 doctissimum
1054 2927 1203 3010 Nitzscb,
1228 2951 1319 3016 quem

191 3055 270 3119 prae
302 3032 447 3096 omuibus
475 3035 620 3098 uomiuo:
653 3033 807 3114 Labaud,
843 3031 1076 3117 Steffeabopeu‚
1104 3031 1318 3115 Roseucrauz,

200 3133 377 3228 Ueberioep,
406 3133 518 3215 Laius,
547 3135 793 3214 Friediaeuder,
823 3134 961 3216 Scbade,
995 3133 1104 3221 Vespr,
1134 3136 1317 3224 Lobmeper,

193 3235 297 3322 Hopf‚
309 3236 468 3303 Scbubert.
487 3237 552 3302 Per
562 3249 702 3323 quatuor
712 3259 811 3301 auuos
826 3248 856 3301 et
868 3241 1041 3303 scutiuario
1051 3240 1201 3303 bistorico
1220 3242 1317 3304 iuter-

187 3339 258 3425 fui,
278 3351 352 3404 tuac
362 3340 595 3426 professoribus
608 3342 725 3406 illustr.
738 3341 890 3406 Sobubcrt
900 3364 936 3405 ac
949 3340 1318 3427 Nitrscbdiripcutibus‚

194 3455 225 3506 et
258 3444 536 3508 eaorcitatiouibus
569 3446 878 3525 critico-historicis,
916 3468 997 3530 quae
1030 3457 1105 3509 tuuc
1138 3446 1196 3510 sub
1226 3446 1317 3533 prof.

194 3545 347 3625 Nitescb,
380 3570 465 3612 uuuc
494 3548 550 3611 sub
578 3547 815 3634 professoribus
838 3547 974 3614 Nitzscb
1002 3559 1031 3613 et
1053 3550 1319 3614 Maureubrecber

196 3647 312 3716 deraret.
489 3727 493 3733 1

283 3749 368 3830 Quos
395 3755 480 3817 uiros
506 3776 621 3834 omues,
646 3757 703 3840 qui
724 3777 771 3819 me
796 3757 897 3820 biteris
916 3757 1127 3821 iustitueruut
1143 3768 1320 3840 ceterosque

197 3852 275 3918 boue
295 3857 332 3920 de
349 3877 395 3919 me
414 3858 543 3921 meritos
559 3868 712 3942 perprata
730 3860 883 3924 memoria
895 3880 1085 3946 prosequar.

560 4152 961 4178 muna—<oum
