3030 4950
712 373 768 439 ‘25

186 578 311 662 celatis,
334 579 368 643 in
387 579 527 643 militum
547 579 817 666 defatigationem
835 603 873 646 ac
894 576 1026 646 noctem
1045 580 1177 667 culpam
1195 588 1304 644 trans-

185 683 299 748 tulisse
309 684 343 760 ¹).
572 763 577 778 .

271 789 304 870 c)
322 786 433 851 Etiam
452 786 568 852 iisdem
581 787 690 851 verbis
708 796 848 852 utuntur
862 789 942 853 haec
954 795 1133 852 narrantes.
1153 787 1305 851 Aristan-

186 889 280 954 drum
303 899 423 974 vatem,
442 891 518 956 alba
544 902 633 956 veste
661 891 830 975 indutum,
859 892 1015 956 militibus
1043 890 1186 975 aquilam
1206 912 1307 975 super

185 1001 288 1078 caput
308 993 487 1058 Alexandri
510 992 675 1057 volantem
690 1003 909 1077 monstrasse,
938 993 1026 1058 haud
1046 993 1189 1058 dubium
1201 992 1306 1056 victo·

184 1095 252 1161 riae
281 1097 603 1182 arispiciun13q11am
634 1097 676 1161 ob
707 1119 859 1162 caussam
890 1095 1136 1162 Macedonibus
1162 1095 1306 1161 animum

184 1199 324 1263 maxime
345 1221 418 1264 esse
437 1209 570 1266 auctum
578 1200 615 1286 ²).

270 1301 321 1364 Ex
343 1303 463 1387 quibus
487 1302 729 1367 narrationibus
753 1303 787 1366 in
812 1300 930 1368 Curtio
951 1323 989 1366 ac
1008 1300 1189 1367 Plutarcho
1209 1295 1323 1387 plane*

185 1403 480 1485 consentientibus,
510 1426 592 1489 quas
620 1418 676 1469 aut
704 1405 737 1468 in
768 1404 903 1488 reliquis
921 1403 1069 1468 fontibus
1095 1404 1222 1484 deesse,
1251 1411 1308 1466 aut

184 1528 259 1571 cum
280 1506 320 1571 iis
340 1506 530 1591 discrepare
549 1507 699 1593 probavi,
723 1506 804 1571 satis
823 1514 974 1591 apparet,
995 1505 1148 1572 Curtium
1168 1530 1207 1572 ac
1228 1506 1306 1569 Plu-

183 1609 335 1674 tarchum
353 1610 417 1674 illis
436 1609 532 1694 locis,
553 1633 635 1695 quos
652 1610 789 1697 protuli,
809 1610 925 1680 eodem
939 1611 1031 1674 fonte
1044 1632 1116 1675 esse
1129 1631 1218 1674 usos.
1238 1607 1305 1676 Sed

185 1712 259 1797 quis
279 1712 343 1777 fuit
360 1712 458 1778 fons?

269 1814 474 1881 Clitarchum
494 1839 560 1880 non
571 1815 685 1899 fuisse,
705 1810 929 1900 apertumest,
949 1839 1024 1880 cum
1039 1815 1190 1882 Curtium
1206 1823 1306 1900 atque

182 1919 368 1983 Diodorum
388 1919 428 1984 de
449 1919 615 1985 nonnullis
632 1920 731 1986 rebus
750 1920 836 1984 inter
854 1941 889 1984 se
900 1918 1100 2001 consentire,
1120 1919 1184 1982 iam
1204 1941 1306 2003 expo·

184 2022 316 2087 suerim.

269 2124 337 2192 Sed
362 2124 560 2191 Plutarchus
582 2126 615 2189 in
639 2127 826 2191 narratione
851 2127 968 2211 proelii
993 2125 1081 2210 apud
1100 2123 1308 2209 Gaugamela

183 2227 264 2293 facti
296 2227 347 2292 bis
379 2227 615 2293 Callisthenem
644 2229 768 2293 citavit.
832 2228 938 2310 Quem
973 2238 1150 2312 utrumque
1183 2228 1306 2312 locum,

184 2353 259 2394 cum
276 2329 332 2410 iis,
352 2353 436 2416 quae
463 2353 535 2395 cum
557 2331 674 2396 Curtio
698 2333 923 2414 consentiunt,
945 2331 1134 2413 cohaerere,
1154 2354 1221 2395 non
1240 2331 1305 2395 dif-

182 2432 268 2499 ficile
289 2441 340 2499 est
357 2434 538 2498 intellectu.
565 2434 688 2499 Primo
713 2435 799 2499 enim
819 2434 906 2518 loco,
927 2458 994 2520 quo
1015 2434 1237 2500 Callisthenes
1256 2442 1308 2499 est

183 2536 382 2618 nominatus,
407 2536 619 2602 aPlutarcho
640 2545 800 2619 narratur,
820 2537 1047 2601 Alexandrum
1068 2537 1109 2599 ad
1129 2536 1209 2601 deos
1225 2537 1307 2602 dex·

183 2650 266 2703 tram
285 2652 417 2703 manum
438 2639 622 2724 supplicem
642 2640 838 2722 tetendisse,
857 2649 905 2721 ut,
930 2641 958 2704 si
976 2663 1092 2705 revera
1107 2640 1200 2705 Iovis
1219 2640 1306 2705 lilius

184 2749 283 2824 esset,
295 2740 445 2806 Graecos
460 2743 714 2807 corroborarent
724 2751 823 2826 atque
839 2742 1121 2820 ulciscerentur3).
1140 2741 1202 2822 Ea,
1223 2765 1307 2827 quae

183 2853 379 2930 sequuntur,
390 2846 534 2930 aquilam
546 2846 661 2927 visam,
673 2847 846 2931 augurium
861 2847 1050 2910 Aristandri
1059 2846 1156 2929 vatis,
1168 2846 1305 2931 reliqua,

183 2933 404 3013 narrationem
426 2945 631 3028 continuare,
650 2950 729 3014 satis
748 2949 962 3034 perspicuum
981 2948 1058 3011 mihi
1078 2971 1151 3013 esse
1166 2949 1306 3013 videtur.

184 3051 337 3136 Supplici
362 3051 447 3116 euim
472 3051 664 3116 Alexandro
691 3048 772 3116 deos
796 3051 907 3136 aquila
922 3051 994 3116 visa
1012 3051 1145 3137 signum
1163 3051 1307 3135 dedisse,

184 3174 220 3217 se
240 3153 310 3219 eius
330 3176 447 3238 preces
466 3154 609 3237 audisse,
630 3177 670 3218 ex
689 3155 888 3219 narrationis
907 3155 1021 3219 ordine
1041 3164 1140 3240 atque
1156 3177 1308 3219 connexu

184 3255 326 3323 additur.
347 3256 440 3320 Haec
458 3257 561 3340 igitur
584 3281 603 3320 a
620 3256 802 3322 Plutarcho
823 3267 967 3340 narrata,
988 3280 1072 3341 quae
1092 3279 1168 3321 cum
1188 3256 1305 3324 Curtio

156 3494 161 3500 ’
250 3497 271 3566 ¹)
290 3500 322 3550 cf.
342 3499 415 3551 Curt.
434 3515 455 3548 c.
474 3495 515 3548 16.
534 3499 548 3564 §
566 3494 598 3548 18
617 3505 643 3548 et
661 3495 700 3548 19.
720 3498 788 3551 Plut.
808 3515 828 3548 c.
848 3495 889 3561 33,
908 3497 932 3550 5.

249 3601 272 3668 ²)
291 3603 363 3653 Curt.
382 3602 430 3652 IV.
450 3618 471 3651 c.
492 3598 531 3652 15.
552 3601 566 3667 ξ
584 3598 617 3651 26
636 3608 663 3650 at
680 3597 724 3654 27.
742 3602 811 3650 Plut.
831 3619 852 3655 c.
872 3599 914 3664 33,
932 3599 958 3656 2.

252 3689 336 3738 Curt.=
357 3696 445 3750 ,vates
454 3687 620 3752 Aristander,
631 3687 691 3736 alba
863 3688 944 3737 Plut.:
968 3684 1030 3739 ὅδὲ
1046 3687 1142 3754 μάντις
1163 3683 1300 3754 Ἀρίσταν-

184 3781 255 3824 vaste
273 3775 395 3824 indutus“
415 3781 466 3823 etc.
796 3770 859 3839 ὅρος
873 3771 988 3839 χλανίδα
1007 3770 1102 3835 λευκήν
1125 3769 1196 3838 ἔχων
1213 3790 1237 3823 κ.
1248 3789 1268 3822 τ.
1282 3791 1307 3822 α.

253 3877 340 3936 Curta
359 3915 365 3926 .
380 3918 386 3931 .
402 3917 407 3928 .
420 3915 426 3927 .
437 3892 516 3941 super
526 3873 605 3940 eapdt
622 3877 692 3940 regis
862 3876 944 3926 Plut.:
956 3917 961 3930 .
971 3920 977 3935 ,
987 3914 1008 3927 ..
1023 3871 1179 3942 ἆετὸνῧπὲρ
1190 3874 1308 3942 κεφαλῆς

184 3965 298 4030 aquilam
318 3972 367 4016 ste.
794 3960 964 4030 Ἀλεξάνδρου
983 3980 1005 4015 κ.
1025 3979 1046 4015 τ.
1066 3981 1090 4012 α.

253 4066 338 4116 Curta
363 4069 457 4131 ingens
481 4082 543 4130 ergo
567 4067 692 4118 alacritas
862 4066 944 4119 Plut.:
965 4061 1029 4116 dote
1047 4061 1114 4116 nolo*
1132 4062 1186 4133 μὲν
1203 4063 1308 4131 deipnos

182 4160 259 4218 atque
278 4153 374 4202 fiducia
392 4152 512 4202 accendit
526 4152 559 4201 ad
569 4168 691 4216 pugnam.
795 4146 959 4220 ἐγγενέσθαι
1066 4145 1111 4202 ἐπὶ
1137 4148 1197 4208 τούς
1228 4149 1307 4201 πολε-

794 4235 872 4304 μίους
890 4231 1082 4305 ἐπικυμαίνειν
1100 4234 1149 4305 τήν
1167 4234 1306 4310 φάλαγγα.

248 4322 271 4388 3)
289 4325 357 4381 Plut.
379 4326 456 4381 Alex.
474 4321 516 4387 33,
535 4321 558 4379 1.
