3030 4950
752 339 784 397 ll

203 555 243 598 ex
262 532 465 601 Caliisthene
483 540 668 626 exscriptos
687 539 795 605 media
808 540 842 605 in
860 539 1000 605 Diodori
1019 538 1204 604 narratione
1222 535 1319 621 plane

203 658 277 702 cum
311 638 429 705 Curtio
464 642 692 707 consentiente
727 643 861 726 deesse,
894 666 958 707 non
993 637 1322 728 praetermittendum

204 761 275 805 esse
293 753 383 827 puto.

287 843 418 928 Quibus
437 869 477 910 ex
497 847 698 932 argumentis
718 847 870 912 omnibus
888 848 981 931 satis,
1000 857 1036 912 ut
1058 846 1188 931 opinor,
1212 853 1324 930 potest

202 945 326 1032 colligi,
344 971 411 1012 non
430 971 514 1032 esso,
534 972 593 1014 cur
611 959 669 1014 aut
683 949 869 1014 Diodorum
893 960 950 1015 aut
968 951 1093 1015 fontem
1112 949 1181 1014 eius
1201 946 1322 1015 Clitar-

182 1083 184 1086 >
202 1047 300 1112 chum
318 1072 359 1114 ex
378 1048 583 1118 Callisthene
596 1051 745 1119 hausisse
764 1051 960 1119 iudicemus.

661 1267 864 1275 ——---—--.

680 1415 777 1536 (lap.
799 1419 838 1509 2.

583 1593 632 1669 lle
660 1591 812 1670 fontibus
836 1589 940 1668 ont.

722 1743 800 1830 §¹0

285 1861 397 1946 Quum
411 1861 507 1930 Curti
526 1837 609 1950 orius
629 1874 662 1930 et
680 1888 754 1931 cum
765 1864 925 1931 Clitarchi
943 1861 1138 1950 fragmentis
1147 1862 1183 1946 ¹),
1202 1870 1235 1925 et
1253 1883 1321 1925 ma·

198 1965 320 2029 nimam
338 1977 467 2051 partem
485 1989 560 2031 cum
575 1968 723 2034 Diodoro
732 1968 761 2053 ²)
780 1968 877 2054 plane
890 1966 1077 2049 conveniat,
1097 1988 1163 2030 non
1182 1963 1319 2028 dubium

199 2076 259 2149 est,
279 2069 359 2152 quin
378 2078 435 2132 aut
447 2068 595 2152 Curtius,
615 2081 672 2136 aut
682 2072 752 2137 eius
765 2073 840 2136 fons
854 2071 1023 2137 Clitarclro
1043 2090 1122 2135 usus
1142 2068 1193 2134 sit.
1219 2066 1319 2131 Prae·

196 2179 286 2236 terea
304 2193 377 2236 carm
404 2172 591 2240 Clitarchus
612 2186 644 2239 et
654 2176 742 2240 Plini
760 2175 977 2260 temporibus,
996 2174 1030 2237 id
1048 2182 1100 2237 est
1118 2171 1225 2258 primo
1244 2192 1316 2236 sae-

198 2274 273 2338 culo
292 2283 368 2360 post
381 2275 460 2342 Chr.
480 2265 603 2360 natum,
623 2301 688 2362 quo
703 2277 840 2345 Curtius
854 2276 1025 2342 historiam
1035 2274 1215 2359 scripserit,
1237 2295 1314 2356 „ce-

197 2377 342 2443 lebratus
361 2383 500 2444 auct0r“
519 2381 628 2464 fuerit,
648 2389 681 2444 et
707 2404 726 2445 a
749 2379 866 2465 Curtio
895 2379 946 2445 bis
974 2380 1017 2444 sit
1041 2379 1203 2462 citatus),
1231 2376 1318 2443 Cur-

197 2520 400 2530 ---—.—..--.

281 2585 301 2655 ¹)
336 2589 369 2639 of.
388 2586 484 2639 Mriller
501 2589 594 2652 fragm.
614 2589 673 2638 Cllt.
692 2583 717 2650 4,
743 2585 769 2650 5,
797 2585 820 2650 7,
839 2584 864 2648 9,
885 2583 992 2650 10—12,
1008 2583 1049 2647 17,
1062 2582 1104 2648 20,
1118 2582 1161 2648 22,
1182 2581 1225 2639 23.
1244 2584 1318 2646 Quae

196 2674 301 2738 quidem
319 2675 465 2739 fragmenta
484 2677 573 2725 omnia
591 2676 681 2739 quinto
699 2689 781 2738 usqne
801 2674 834 2723 ad
853 2675 981 2724 decimum
1000 2673 1093 2722 librum
1113 2688 1129 2722 a
1148 2671 1239 2722 Curtio
1259 2677 1319 2720 sunt

196 2758 307 2808 reddita.
343 2759 397 2810 Sed
416 2767 444 2809 ut
462 2777 520 2810 curn
539 2763 616 2811 tertio
635 2767 713 2825 atque
732 2769 823 2825 quarto
843 2759 916 2811 Curti
936 2761 1003 2810 libro
1022 2760 1121 2809 nullum
1145 2759 1318 2824 fragmentum

196 2847 350 2908 consentiat,
370 2846 437 2896 hanc
457 2848 489 2897 ob
509 2862 628 2898 caussam
646 2847 827 2898 tantummodo
845 2848 942 2897 factum
960 2863 1018 2897 esse
1036 2846 1100 2895 mihi
1119 2846 1229 2906 ridetur,
1248 2843 1319 2907 quod

195 2933 251 2982 fere
270 2933 342 2982 nulla
361 2940 465 2982 exstant
484 2933 613 2983 clitarchi
631 2934 786 2998 fragmenta,
806 2938 950 2998 quaecum
968 2934 1018 2984 huo
1036 2933 1162 2983 historiae
1181 2936 1255 2994 parte
1274 2945 1318 2980 co·

194 3019 312 3072 haerent.
348 3017 412 3068 Cum
431 3020 499 3069 enirn
519 3019 646 3070 clitarchi
677 3021 823 3085 fragmenta
850 3036 866 3070 a
888 3020 1018 3069 Muellero
1043 3015 1068 3080 1,
1086 3014 1103 3068 3
1121 3027 1147 3068 et
1165 3014 1212 3084 aa)
1231 3017 1317 3081 potita

195 3104 251 3153 sine
269 3104 322 3153 ullo
342 3113 473 3155 momento
493 3107 554 3169 sint,
573 3114 710 3170 praeterea
728 3108 902 3170 fragmentum
921 3103 966 3164 la)
984 3105 1018 3155 ad
1036 3120 1093 3154 eam
1112 3103 1238 3154 historiae
1256 3117 1316 3167 par·

195 3197 246 3239 tem
265 3191 299 3240 sit
326 3190 500 3254 referendum,
529 3207 595 3256 quaa
615 3192 708 3242 duobis
725 3193 817 3257 primis
841 3193 915 3242 libris
937 3193 1049 3253 amissis,
1076 3193 1103 3240 in
1122 3190 1212 3241 Curtio
1236 3187 1317 3251 deest,

194 3291 273 3324 unum
291 3276 470 3326 tantummodo
490 3285 575 3327 exstat
592 3279 774 3342 fragmentum,
794 3277 820 3326 id
839 3286 880 3328 est
897 3278 1039 3328 secundum
1062 3292 1078 3327 a
1101 3276 1230 3325 Muellero
1248 3275 1317 3340 posi·

194 3370 260 3424 turn,
296 3363 366 3426 quod
395 3363 422 3410 in
452 3364 529 3413 tertio
561 3364 601 3412 rel
636 3371 729 3428 quarto
763 3363 837 3414 Curti
873 3363 939 3413 libro
974 3364 1103 3413 redditum
1137 3376 1194 3412 esse
1223 3360 1316 3426 potuit.

194 3447 249 3500 Sed
274 3447 342 3498 forte
371 3449 471 3510 evenit,
498 3456 527 3497 ut
558 3448 664 3499 Curtius
690 3466 745 3500 rem
772 3451 800 3499 in
827 3449 877 3500 hoc
903 3450 1052 3513 fragmento
1080 3455 1210 3500 narratam
1241 3461 1317 3511 prae·

193 3535 340 3586 termiserit.
376 3534 469 3598 Itaque
489 3551 542 3585 non
562 3543 609 3596 est,
629 3552 674 3585 cnr
693 3537 825 3598 miremur,
845 3535 915 3601 quod
941 3552 999 3585 oum
1022 3536 1112 3599 quinto
1135 3532 1316 3598 sequentibus-

193 3636 242 3685 que
264 3621 335 3670 libris
355 3623 474 3686 plurima,
493 3637 550 3671 cum
568 3623 645 3671 tertio
664 3629 742 3686 atque
761 3629 856 3686 quarto
874 3622 946 3671 nulla
970 3620 1138 3671 consentiunt
1160 3618 1314 3683 fragmenta.

192 3706 283 3771 Neque
303 3709 411 3757 veroin
434 3708 590 3757 sententiam
616 3707 750 3758 discedere
777 3708 876 3768 dubito,
903 3708 1007 3757 tertium
1035 3714 1205 3770 quartumque
1232 3718 1316 3768 aequa

192 3799 270 3857 atque
283 3796 398 3858 quintum
409 3802 599 3859 sequentesque
608 3795 691 3845 libros
702 3808 823 3858 magnam
833 3800 934 3858 partem
945 3808 977 3842 ex
984 3791 1119 3842 Clitarcho
1130 3805 1186 3841 esse
1196 3791 1315 3840 haustos.

276 3875 299 3946 Ἰ)
318 3879 368 3940 Qui
387 3895 531 3930 consensus
550 3886 589 3929 est
607 3887 659 3929 tam
679 3889 784 3944 apertus
802 3895 912 3944 eumque
931 3886 985 3928 tam
1003 3892 1082 3943 saepe
1100 3879 1159 3928 aliis
1184 3877 1250 3926 locis
1273 3891 1315 3926 ac·

192 3965 306 4014 curatius
324 3966 442 4030 exposui,
460 3973 490 4014 ut
507 3965 549 4015 hic
567 3981 670 4030 qnoque
690 3973 864 4030 congruentes
886 3967 958 4016 locos
984 3979 1135 4016 enumerare
1153 3971 1179 4013 et
1195 3962 1314 4013 conferre

191 4049 281 4098 inutile
291 4045 323 4100 'ae
341 4051 450 4114 longum
467 4052 531 4101 mihi
549 4066 605 4100 esse
624 4052 752 4101 rideatur.

273 4131 293 4200 8)
313 4135 384 4190 Ourt.
395 4137 443 4190 IX.
463 4154 485 4188 e.
503 4134 520 4188 5
537 4133 606 4201 §212
625 4137 813 4198 Ptolemaeum,
832 4138 875 4202 qui
888 4137 1118 4201 postearegnsvlt‚
1138 4136 1198 4185 hnic
1209 4149 1313 4200 pugnes

191 4219 296 4271 affuisse
315 4221 460 4292 (Mallenai)
487 4231 578 4275 auctor
605 4231 645 4274 est
671 4223 818 4274 Clitarchus
845 4232 893 4274 etc.
914 4219 1240 4291 surt.1x.e.8,§15=
1267 4237 1311 4272 oe·

191 4309 293 4374 toginta
310 4309 382 4360 milia
400 4309 524 4363 Indorum
540 4311 568 4360 iu
586 4325 618 4364 aa
635 4310 745 4376 regiona
762 4326 849 4377 caesa,
868 4311 1018 4367 Clitarchus
1037 4317 1078 4363 att
1095 4315 1187 4363 auctor
1204 4313 1256 4363 etc.
