3030 4950
755 348 794 412 15

211 552 373 618 Arrianus
392 575 483 636 vero,
501 551 641 617 Darium
660 553 747 619 inter
765 553 890 638 primos
909 552 1035 640 fugisse
1053 552 1205 639 tradis),
1224 551 1334 620 media

209 658 282 720 acie
302 664 401 740 atque
422 655 558 721 dextero
578 656 753 721 Persarum
773 679 875 721 cornu
899 666 964 720 tam
989 656 1120 721 fortiter
1149 656 1332 722 resistenti-

105 777 108 784 ·
209 757 282 840 bus,
316 768 353 822 ut
383 760 447 825 hoc
472 759 546 825 loco
571 782 684 846 pugna
713 759 769 825 diu
800 759 960 824 acerrima
982 781 1020 824 ac
1047 759 1333 844 periculosissima

208 861 338 928 fuisset.
381 863 422 928 In
441 862 594 928 Diodoro
616 863 718 950 igitur
736 873 834 947 atque
857 861 987 927 Iustino
1012 883 1126 948 pugna
1148 861 1222 947 ipsa
1244 872 1333 945 ante,

211 965 244 1028 in
272 965 417 1030 Arriano
439 975 518 1051 post
542 965 626 1029 Dari
651 965 763 1049 fugam
787 965 897 1051 posita
921 972 980 1030 est.
1027 963 1136 1046 Quam
1158 973 1332 1049 utramque

206 1069 406 1133 sententiam
423 1069 457 1132 in
477 1068 595 1135 Curtio
608 1069 817 1134 coniunctam
832 1067 1024 1155 reperimus.
1048 1067 1196 1132 Primum
1216 1067 1332 1132 eadem

209 1171 389 1257 certamina
408 1171 614 1258 ante·fugam
633 1171 715 1236 Dari
739 1172 821 1236 inita
840 1170 1011 1254 describit,
1036 1193 1122 1256 quae
1145 1169 1330 1250 Diodorus3

207 1275 266 1338 sed
292 1273 442 1340 Diodoro
462 1283 630 1358 narrante,
649 1283 727 1359 post
743 1274 830 1360 regis
849 1274 963 1360 fugam
983 1273 1081 1338 etiam
1106 1273 1234 1356 equites
1252 1272 1330 1337 reli-

209 1399 377 1463 quumque
409 1378 589 1443 exercitum
623 1376 766 1462 fugisse,
803 1376 939 1442 Curtius
970 1374 1090 1441 deinde
1123 1375 1211 1441 idem
1240 1375 1331 1461 quod

118 1525 122 1531 -
210 1473 373 1557 Arrianus
399 1479 518 1562 tradit,
552 1487 631 1565 post
662 1480 750 1565 regis
781 1478 893 1566 fugam
924 1479 1090 1564 equitibus
1124 1479 1330 1546 Thessalicis

208 1603 282 1645 cum
310 1582 455 1647 Persicis
480 1582 578 1646 etiam
603 1581 761 1647 acerrime
793 1582 896 1647 fuisse
923 1580 1187 1668 pugnandum2).
1227 1583 1328 1647 Prae·
1385 1582 1389 1594 '

207 1693 315 1769 terea,
348 1707 433 1769 quae
456 1692 650 1768 sequuntur,
681 1685 809 1769 equites
842 1685 1021 1752 Persarum
1054 1685 1152 1751 armis
1194 1706 1330 1771 magno·

209 1810 287 1872 pere
305 1787 408 1852 fuisse
420 1786 610 1873 impeditos,
631 1798 728 1873 atque
740 1787 968 1852 Alexandrum
978 1798 1048 1852 tum
1061 1788 1205 1871 demum,
1224 1787 1330 1853 victo·

207 1892 257 1955 ria
284 1891 417 1956 omnino
441 1890 573 1977 adepta,
602 1891 729 1956 hostem
756 1891 912 1977 persequi
934 1913 1051 1957 ausum
1070 1912 1154 1974 esse,
1188 1898 1222 1954 et
1244 1890 1329 1956 Cur-

206 1995 270 2060 tius
288 2002 322 2059 et
341 1996 505 2060 Arrianus
523 2004 741 2060 narraverunt
749 1996 786 2080 ⁸),
809 1995 959 2060 Diodoro
984 2017 1062 2060 vero
1082 2004 1181 2078 atque
1198 1991 1328 2059 Iustino

45 2124 48 2131 =
133 2154 136 2159 ⁴
205 2097 402 2162 tacentibus.

293 2222 326 2299 c)
353 2217 471 2300 Neque
495 2217 602 2283 minus
622 2215 757 2284 Curtius
780 2218 822 2283 de
850 2218 935 2284 Dari
962 2218 1041 2302 fuga
1069 2225 1102 2281 et
1128 2239 1146 2280 a
1174 2214 1328 2282 Diodoro

207 2318 319 2402 distat,
340 2328 466 2384 etcum
489 2320 634 2385 Arriano
658 2321 836 2387 consentit:
858 2320 1027 2387 Diodorus
1052 2319 1150 2402 enim,
1175 2318 1328 2400 Darium,

204 2443 306 2506 quum
335 2422 413 2506 equi
442 2425 512 2488 eius
537 2445 670 2488 currum
694 2425 861 2490 trahentes
880 2434 992 2491 essent
1019 2423 1232 2506 consternati,
1259 2421 1328 2508 pri-

204 2546 293 2587 mum
333 2525 427 2590 frena
459 2516 671 2612 corripuisse,
702 2537 820 2613 postea
856 2527 955 2593 alium
997 2548 1130 2592 currum
1168 2546 1327 2590 conscen-

205 2626 293 2692 disse
330 2640 455 2714 narrat,
498 2629 635 2696 Curtius
674 2641 781 2695 autem
818 2652 892 2695 cum
927 2629 1069 2696 Arriano
1102 2626 1326 2710 consentiens,

209 2728 349 2794 Darium
369 2753 490 2815 equum
503 2733 693 2799 ascendisse
705 2733 831 2820 prodit3
851 2733 1035 2818 eodemque
1052 2734 1127 2798 loco
1147 2742 1180 2796 et
1191 2729 1327 2797 Curtius

205 2842 238 2896 et
260 2834 427 2918 Arrianus
445 2835 586 2902 Darium
605 2837 699 2924 regni
717 2837 862 2924 insignia
880 2836 1041 2902 abiecisse
1068 2841 1214 2916 narrant,
1237 2832 1327 2918 quod

203 2935 237 2999 in
257 2934 410 3003 Diodoro
430 2961 565 3024 prorsus
584 2938 687 3006 deest.

744 3143 784 3210 B.

290 3311 441 3381 Curtium
466 3314 499 3380 in
523 3312 605 3404 Tyri
628 3314 803 3382 obsidione
826 3315 1029 3402 narranda4)
1057 3280 1224 3381 Clitarcho
1253 3335 1325 3382 esse

201 3434 310 3501 usum,
333 3417 428 3482 multi
447 3418 544 3485 Curti
565 3419 630 3485 loci
646 3419 876 3506 comprobant,
895 3419 952 3503 qui
970 3427 1028 3484 aut
1049 3419 1084 3483 in
1105 3420 1224 3485 ceteris
1242 3421 1325 3486 scri-

200 3605 405 3622 han—Q*—

286 3723 307 3797 1)
326 3731 387 3781 Arr.
405 3729 441 3783 11.
460 3745 482 3780 c.
503 3727 552 3794 11,
570 3727 588 3782 4
604 3725 686 3790 εὖθὺς
705 3726 754 3783 mir
771 3733 825 3790 τοῖς
847 3727 963 3799 πρώτοις
988 3725 1100 3801 ἔφυγεν.
1119 3738 1145 3781 et
1163 3732 1223 3781 Arr.
1242 3747 1264 3784 e.
1283 3727 1325 3799 10,

199 3807 266 3864 5-7
286 3822 312 3865 et
329 3833 350 3869 c.
370 3812 412 3880 ll,
430 3813 447 3866 2
465 3823 491 3866 at
507 3813 531 3869 7.

284 3915 306 3983 ²)
324 3919 357 3972 ef.
377 3918 450 3973 Cart.
468 3936 490 3970 e.
510 3916 541 3969 11
560 3918 576 3988 ξ
594 3916 627 3970 13
645 3926 671 3970 et
686 3916 725 3970 14.
743 3922 805 3975 Arr.
824 3937 846 3973 c.
864 3917 906 3984 11,
924 3919 948 3970 2.

284 4017 307 4084 ⁸)
327 4021 388 4071 Arr.
405 4021 442 4071 II.
461 4038 482 4072 e.
502 4018 543 4089 11,
562 4019 579 4072 3
597 4030 624 4072 et
641 4018 665 4075 7.
824 4012 828 4022 ’

284 4120 306 4190 ⁴)
327 4124 359 4177 cf.
381 4122 454 4174 Oort.
472 4123 519 4174 1v.
539 4141 560 4174 o.
579 4120 655 4175 2-4.
673 4124 753 4175 Diod.
772 4141 793 4174 c.
811 4122 921 4178 40—46.
943 4127 1005 4176 Arr.
1023 4123 1060 4177 11.
1079 4141 1101 4174 c.
1117 4120 1159 4188 16,
1178 4121 1194 4175 7
1212 4132 1238 4175 et
1254 4123 1279 4189 8,
1297 4139 1321 4179 c.

201 4201 309 4261 17-24.
327 4211 391 4263 Iust.
411 4209 461 4261 XL
480 4226 502 4264 e.
521 4208 561 4262 10.
579 4211 648 4261 Plut.
666 4210 744 4264 Alex.
763 4227 785 4264 e.
803 4209 838 4263 24
855 4222 881 4264 at
897 4210 939 4267 25.
973 4213 1090 4278 Polyaen
1107 4212 1185 4265 Alex.
1202 4208 1228 4266 4.
