3030 4950
277 1739 542 1841 Quaestionibus
562 1772 602 1837 de
620 1771 806 1838 Alexandri
825 1772 943 1858 Magni
960 1771 1110 1864 fontibus
1129 1771 1238 1837 adhuc
1260 1774 1310 1838 in·

192 1876 327 1960 stitutis,
346 1897 544 1960 quamquam
562 1875 740 1941 nonnullae
760 1899 871 1942 earum
890 1898 1010 1960 magna
1028 1897 1106 1940 cura
1124 1875 1310 1961 diligentia-

192 2002 256 2065 que
275 1990 352 2044 suut
370 1978 514 2061 habitae,
543 1986 653 2043 tamen
677 2002 746 2044 ram
770 2001 836 2044 non
856 1959 898 2043 ad
917 1978 1080 2063 liquidum
1099 2000 1171 2044 esse
1191 1976 1312 2063 perdu-

192 2090 291 2164 ctam,
312 2081 467 2166 quoniam
491 2081 576 2146 inter
595 2081 712 2147 doctos
731 2083 812 2149 satis
824 2089 966 2162 constat,
986 2080 1312 2146 denuohunclocum

192 2184 379 2249 accuratius
398 2191 600 2268 pertractare
624 2184 910 2270 operaepretium
933 2205 1005 2249 esse
1028 2183 1179 2247 arbitror.
1225 2182 1312 2248 Nam

192 2287 244 2352 vel
267 2310 287 2351 a
309 2286 433 2353 Sancto
466 2285 606 2370 crucio,
629 2298 666 2352 ut
691 2286 834 2353 leviores
861 2295 1014 2352 auctores
1041 2286 1312 2371 praetermittam,

191 2389 317 2473 „multa
345 2387 528 2475 elegantius
558 2412 655 2474 quam
683 2391 792 2454 verius
823 2389 913 2453 dicta
946 2390 1041 2453 esse“
1075 2388 1140 2452 iam
1170 2386 1313 2453 Mueller

191 2500 281 2556 recte
304 2490 517 2575 adnotavit¹).
559 2491 605 2555 Et
624 2489 808 2556 Hullmaun
828 2498 861 2555 et
878 2489 982 2556 Geier
1004 2499 1037 2554 et
1058 2489 1202 2555 Mueller
1220 2490 1311 2575 frag·
1407 2528 1409 2532 ,

193 2593 311 2658 mentis
331 2592 499 2677 collectis,
527 2593 697 2680 dispositis
728 2604 827 2679 atque
852 2592 1119 2657 adnotationibus
1142 2592 1313 2658 instructis

194 2697 235 2760 ad
268 2695 379 2762 fontes
411 2694 596 2760 Alexandri
628 2694 752 2761 rectius
794 2696 1045 2780 accuratiusque
1082 2693 1314 2760 diiudicandos

192 2797 370 2885 plurimum
389 2797 608 2863 contulerunt.
653 2801 811 2863 Attamen
830 2819 935 2881 usque
954 2795 1078 2862 adhoc
1097 2805 1228 2882 tempus
1245 2806 1315 2862 arte

193 2901 309 2966 critica
326 2922 367 2963 ne
386 2899 465 2964 satis
485 2899 618 2984 quidem
643 2908 695 2965 est
717 2900 932 2985 explicatum,
961 2898 1080 2983 quibus
1103 2922 1143 2965 ex
1167 2897 1315 2965 fontibus

193 3003 340 3083 Curtius,
358 3001 539 3084 Diodorus,
560 3002 773 3086 Plutarchus,
789 3001 910 3068 Troius
923 3001 1113 3087 Pompeius,
1125 3001 1315 3089 Polyaenus

191 3104 363 3170 historiam
381 3104 565 3169 Alexandri
589 3103 706 3192 Magni
729 3104 915 3187 hauserint,
943 3103 1064 3169 nedum
1088 3104 1129 3169 de
1152 3105 1316 3190 primariis

192 3206 356 3291 fontibus,
376 3207 494 3291 quoin
514 3229 650 3273 numero
670 3205 832 3273 Clitarchi
850 3217 883 3272 et
901 3205 1116 3273 Callisthenis
1138 3209 1317 3293 praecipue

193 3309 394 3375 mentionem
424 3308 572 3392 fecerim,
602 3311 790 3374 accuratius
820 3309 864 3376 sit
892 3309 1088 3393 quaesitum.
1143 3309 1211 3376 Sed
1239 3309 1317 3375 hinc

197 3434 289 3496 cave,
309 3411 484 3496 coniicias,
503 3434 556 3476 me
575 3423 631 3477 aut
648 3411 759 3478 Rauui
777 3420 834 3476 aut
847 3411 1093 3497 Volquardseni
1104 3413 1316 3497 quaestiones

193 3537 258 3580 non
281 3514 515 3599 inspexisse²).
540 3514 608 3599 Qui
637 3524 789 3599 uterquc,
830 3514 997 3607 Muelleri
1019 3515 1215 3601 fragmentis
1253 3515 1317 3581 nisi

194 3617 290 3682 fallor
314 3615 496 3699 adductus,
524 3616 745 3682 narrationem
764 3617 946 3682 Alexandri
966 3640 985 3681 a
1004 3615 1123 3683 Curtio
1142 3640 1246 3702 aeque
1269 3629 1318 3683 at-

193 3742 256 3804 que
275 3742 294 3784 a
310 3717 463 3783 Diodoro
483 3741 523 3784 ex
543 3719 713 3786 Clitarcho
732 3719 804 3784 solo
824 3741 895 3784 esse
914 3718 1066 3784 haustam
1085 3719 1237 3785 coniecit.
1272 3723 1320 3785 At

195 3822 311 3888 falsam
331 3844 404 3888 esse
424 3823 508 3887 hanc
527 3823 737 3907 sententiam,
762 3821 914 3908 equidem
938 3823 1009 3888 sine
1028 3821 1095 3886 ulla
1113 3821 1318 3889 dubitatione

279 4030 299 4099 ¹)
319 4032 352 4083 cl.
371 4030 482 4081 Carolus
501 4029 624 4080 Mueller:
648 4032 789 4096 scriptores
799 4045 884 4080 rarum
898 4029 1046 4080 Alexandri
1056 4029 1156 4094 Magni.
1176 4030 1321 4086 Praefatio.

278 4113 408 4184 ⁹)Raun:
438 4115 481 4166 Dc
506 4114 640 4166 Clitarcho
666 4115 787 4176 Diodori,
813 4115 922 4178 dudini,
948 4113 1037 4165 Curtii
1063 4121 1178 4168 auctora.
1208 4116 1317 4166 Bonnaa

196 4197 264 4253 1868
282 4201 352 4254 Dias.

281 4287 479 4354 volquardacn:
497 4285 737 4352 Untarsuchnngan
755 4283 820 4336 fiber
837 4284 927 4356 Diod,
945 4285 1020 4338 Buch
1036 4285 1189 4342 XI-XVI.
1208 4283 1282 4341 1868.
