<?xml version="1.0" encoding="UTF-8"?>
<!DOCTYPE html PUBLIC "-//W3C//DTD XHTML 1.0 Transitional//EN"
    "http://www.w3.org/TR/xhtml1/DTD/xhtml1-transitional.dtd">
<html xmlns="http://www.w3.org/1999/xhtml" xml:lang="en" lang="en">
 <head>
  <title>
</title>
<meta http-equiv="Content-Type" content="text/html;charset=utf-8" />
  <meta name='ocr-system' content='tesseract 3.04.00' />
  <meta name='ocr-capabilities' content='ocr_page ocr_carea ocr_par ocr_line ocrx_word'/>
</head>
<body>
  <div class='ocr_page' id='page_1' title='image "./diodoruscurtius00petegoog_0032.png"; bbox 0 0 3030 4950; ppageno 0'>
   <div class='ocr_carea' id='block_1_1' title="bbox 639 334 779 415">
    <p class='ocr_par' dir='ltr' id='par_1_1' title="bbox 639 334 779 415">
     <span class='ocr_line' id='line_1_1' title="bbox 639 334 779 415; baseline 0.007 -1"><span class='ocrx_word' id='word_1_1' title='bbox 639 334 640 338; x_wconf 66' lang='lat'>‘</span> <span class='ocrx_word' id='word_1_2' title='bbox 738 344 779 415; x_wconf 76' lang='lat' dir='ltr'>rr</span> 
     </span>
    </p>
   </div>
   <div class='ocr_carea' id='block_1_2' title="bbox 88 566 1322 2201">
    <p class='ocr_par' dir='ltr' id='par_1_2' title="bbox 198 566 1320 760">
     <span class='ocr_line' id='line_1_2' title="bbox 201 566 1320 652; baseline -0.008 -14"><span class='ocrx_word' id='word_1_3' title='bbox 201 572 390 638; x_wconf 82' lang='lat' dir='ltr'>Alexandro</span> <span class='ocrx_word' id='word_1_4' title='bbox 409 572 573 638; x_wconf 86' lang='lat' dir='ltr'>destinato</span> <span class='ocrx_word' id='word_1_5' title='bbox 592 572 656 636; x_wconf 90' lang='lat' dir='ltr'>iam</span> <span class='ocrx_word' id='word_1_6' title='bbox 676 581 751 638; x_wconf 87' lang='lat' dir='ltr'>ante</span> <span class='ocrx_word' id='word_1_7' title='bbox 765 571 900 640; x_wconf 82' lang='lat' dir='ltr'>Curtius</span> <span class='ocrx_word' id='word_1_8' title='bbox 922 570 1054 635; x_wconf 83' lang='lat' dir='ltr'>locutus</span> <span class='ocrx_word' id='word_1_9' title='bbox 1075 589 1180 652; x_wconf 84' lang='lat' dir='ltr'>neque</span> <span class='ocrx_word' id='word_1_10' title='bbox 1202 566 1320 652; x_wconf 90' lang='lat' dir='ltr'>polen-</span> 
     </span>
     <span class='ocr_line' id='line_1_3' title="bbox 198 675 874 760; baseline -0.003 -20"><span class='ocrx_word' id='word_1_11' title='bbox 198 685 251 741; x_wconf 91' lang='lat' dir='ltr'>tae</span> <span class='ocrx_word' id='word_1_12' title='bbox 271 699 378 760; x_wconf 91' lang='lat' dir='ltr'>neque</span> <span class='ocrx_word' id='word_1_13' title='bbox 396 675 505 739; x_wconf 87' lang='lat' dir='ltr'>avium</span> <span class='ocrx_word' id='word_1_14' title='bbox 525 676 723 741; x_wconf 81' lang='lat' dir='ltr'>mentionem</span> <span class='ocrx_word' id='word_1_15' title='bbox 744 676 874 760; x_wconf 69' lang='lat' dir='ltr'>fecitl).</span> 
     </span>
    </p>

    <p class='ocr_par' dir='ltr' id='par_1_3' title="bbox 197 771 1322 1050">
     <span class='ocr_line' id='line_1_4' title="bbox 283 771 1320 864; baseline -0.007 -21"><span class='ocrx_word' id='word_1_16' title='bbox 283 780 324 862; x_wconf 86' lang='lat' dir='ltr'>b)</span> <span class='ocrx_word' id='word_1_17' title='bbox 349 778 525 843; x_wconf 85' lang='lat' dir='ltr'>Praeterea</span> <span class='ocrx_word' id='word_1_18' title='bbox 543 778 680 844; x_wconf 85' lang='lat' dir='ltr'>Curtius</span> <span class='ocrx_word' id='word_1_19' title='bbox 709 780 782 864; x_wconf 89' lang='lat' dir='ltr'>ipse</span> <span class='ocrx_word' id='word_1_20' title='bbox 800 777 911 842; x_wconf 87' lang='lat' dir='ltr'>verbis</span> <span class='ocrx_word' id='word_1_21' title='bbox 930 776 1043 860; x_wconf 79' lang='lat' dir='ltr'>„faura</span> <span class='ocrx_word' id='word_1_22' title='bbox 1062 777 1147 853; x_wconf 87' lang='lat' dir='ltr'>est“,</span> <span class='ocrx_word' id='word_1_23' title='bbox 1166 794 1251 858; x_wconf 80' lang='lat' dir='ltr'>quae</span> <span class='ocrx_word' id='word_1_24' title='bbox 1271 771 1320 836; x_wconf 94' lang='lat' dir='ltr'>illi</span> 
     </span>
     <span class='ocr_line' id='line_1_5' title="bbox 197 872 1322 966; baseline -0.009 -19"><span class='ocrx_word' id='word_1_25' title='bbox 197 883 272 947; x_wconf 94' lang='lat' dir='ltr'>loco</span> <span class='ocrx_word' id='word_1_26' title='bbox 292 881 504 966; x_wconf 85' lang='lat' dir='ltr'>praeposuit,</span> <span class='ocrx_word' id='word_1_27' title='bbox 519 880 584 945; x_wconf 89' lang='lat' dir='ltr'>iam</span> <span class='ocrx_word' id='word_1_28' title='bbox 606 881 811 966; x_wconf 83' lang='lat' dir='ltr'>significasse</span> <span class='ocrx_word' id='word_1_29' title='bbox 834 880 981 961; x_wconf 89' lang='lat' dir='ltr'>videtur,</span> <span class='ocrx_word' id='word_1_30' title='bbox 1008 901 1082 943; x_wconf 92' lang='lat' dir='ltr'>eum</span> <span class='ocrx_word' id='word_1_31' title='bbox 1106 900 1172 942; x_wconf 93' lang='lat' dir='ltr'>non</span> <span class='ocrx_word' id='word_1_32' title='bbox 1192 899 1231 941; x_wconf 90' lang='lat' dir='ltr'>ex</span> <span class='ocrx_word' id='word_1_33' title='bbox 1251 872 1322 940; x_wconf 83' lang='lat' dir='ltr'>Cli·</span> 
     </span>
     <span class='ocr_line' id='line_1_6' title="bbox 198 984 586 1050; baseline -0.003 -1"><span class='ocrx_word' id='word_1_34' title='bbox 198 985 312 1050; x_wconf 90' lang='lat' dir='ltr'>tarcho</span> <span class='ocrx_word' id='word_1_35' title='bbox 328 1006 403 1048; x_wconf 90' lang='lat' dir='ltr'>esse</span> <span class='ocrx_word' id='word_1_36' title='bbox 422 984 586 1048; x_wconf 89' lang='lat' dir='ltr'>haustum.</span> 
     </span>
    </p>

    <p class='ocr_par' dir='ltr' id='par_1_4' title="bbox 88 1071 1320 1379">
     <span class='ocr_line' id='line_1_7' title="bbox 285 1071 1320 1173; baseline -0.008 -22"><span class='ocrx_word' id='word_1_37' title='bbox 285 1089 319 1173; x_wconf 91' lang='lat' dir='ltr'>c)</span> <span class='ocrx_word' id='word_1_38' title='bbox 335 1086 413 1152; x_wconf 91' lang='lat' dir='ltr'>Huc</span> <span class='ocrx_word' id='word_1_39' title='bbox 432 1071 576 1171; x_wconf 77' lang='lat' dir='ltr'>accedit,¹</span> <span class='ocrx_word' id='word_1_40' title='bbox 593 1096 629 1150; x_wconf 90' lang='lat' dir='ltr'>ut</span> <span class='ocrx_word' id='word_1_41' title='bbox 646 1086 858 1170; x_wconf 82' lang='lat' dir='ltr'><strong>Plutarchus,</strong></span> <span class='ocrx_word' id='word_1_42' title='bbox 879 1085 934 1170; x_wconf 93' lang='lat' dir='ltr'>qui</span> <span class='ocrx_word' id='word_1_43' title='bbox 953 1083 1016 1150; x_wconf 94' lang='lat' dir='ltr'>hoc</span> <span class='ocrx_word' id='word_1_44' title='bbox 1034 1084 1109 1148; x_wconf 89' lang='lat' dir='ltr'>loco</span> <span class='ocrx_word' id='word_1_45' title='bbox 1127 1081 1225 1168; x_wconf 88' lang='lat' dir='ltr'>plane</span> <span class='ocrx_word' id='word_1_46' title='bbox 1243 1102 1320 1144; x_wconf 88' lang='lat' dir='ltr'>cum</span> 
     </span>
     <span class='ocr_line' id='line_1_8' title="bbox 88 1183 1320 1272; baseline -0.011 -11"><span class='ocrx_word' id='word_1_47' title='bbox 88 1256 90 1261; x_wconf 24' lang='lat'><strong>⁴</strong></span> <span class='ocrx_word' id='word_1_48' title='bbox 198 1189 317 1255; x_wconf 81' lang='lat' dir='ltr'>Curtio</span> <span class='ocrx_word' id='word_1_49' title='bbox 344 1189 525 1272; x_wconf 76' lang='lat' dir='ltr'>consentit,</span> <span class='ocrx_word' id='word_1_50' title='bbox 565 1188 650 1254; x_wconf 87' lang='lat' dir='ltr'>hanc</span> <span class='ocrx_word' id='word_1_51' title='bbox 680 1191 902 1255; x_wconf 83' lang='lat' dir='ltr'>narrationem</span> <span class='ocrx_word' id='word_1_52' title='bbox 942 1211 982 1253; x_wconf 91' lang='lat' dir='ltr'>ex</span> <span class='ocrx_word' id='word_1_53' title='bbox 1016 1183 1216 1252; x_wconf 88' lang='lat' dir='ltr'>Heracleide</span> <span class='ocrx_word' id='word_1_54' title='bbox 1249 1205 1320 1249; x_wconf 88' lang='lat' dir='ltr'>esse</span> 
     </span>
     <span class='ocr_line' id='line_1_9' title="bbox 198 1293 1195 1379; baseline 0.003 -22"><span class='ocrx_word' id='word_1_55' title='bbox 198 1302 361 1379; x_wconf 83' lang='lat' dir='ltr'>sumptam</span> <span class='ocrx_word' id='word_1_56' title='bbox 380 1293 689 1358; x_wconf 86' lang='lat' dir='ltr'>commemoraverit</span> <span class='ocrx_word' id='word_1_57' title='bbox 696 1293 731 1377; x_wconf 77' lang='lat'>²).</span> <span class='ocrx_word' id='word_1_58' title='bbox 1191 1297 1195 1303; x_wconf 83' lang='grc'><strong>’</strong></span> 
     </span>
    </p>

    <p class='ocr_par' dir='ltr' id='par_1_5' title="bbox 197 1383 1321 1791">
     <span class='ocr_line' id='line_1_10' title="bbox 283 1383 1321 1481; baseline -0.008 -21"><span class='ocrx_word' id='word_1_59' title='bbox 283 1383 436 1461; x_wconf 79' lang='lat' dir='ltr'>Curtium</span> <span class='ocrx_word' id='word_1_60' title='bbox 455 1394 647 1481; x_wconf 81' lang='lat' dir='ltr'>Timagenis</span> <span class='ocrx_word' id='word_1_61' title='bbox 670 1395 792 1460; x_wconf 88' lang='lat' dir='ltr'>librum</span> <span class='ocrx_word' id='word_1_62' title='bbox 816 1403 905 1460; x_wconf 89' lang='lat' dir='ltr'>certe</span> <span class='ocrx_word' id='word_1_63' title='bbox 928 1393 1123 1478; x_wconf 81' lang='lat' dir='ltr'>inspexisse,</span> <span class='ocrx_word' id='word_1_64' title='bbox 1145 1397 1321 1477; x_wconf 89' lang='lat' dir='ltr'>propterea</span> 
     </span>
     <span class='ocr_line' id='line_1_11' title="bbox 199 1495 1320 1583; baseline -0.005 -21"><span class='ocrx_word' id='word_1_65' title='bbox 199 1497 279 1562; x_wconf 87' lang='lat' dir='ltr'>satis</span> <span class='ocrx_word' id='word_1_66' title='bbox 304 1507 451 1580; x_wconf 88' lang='lat' dir='ltr'>constat,</span> <span class='ocrx_word' id='word_1_67' title='bbox 474 1498 565 1583; x_wconf 91' lang='lat' dir='ltr'>quod</span> <span class='ocrx_word' id='word_1_68' title='bbox 588 1521 654 1563; x_wconf 91' lang='lat' dir='ltr'>uno</span> <span class='ocrx_word' id='word_1_69' title='bbox 678 1499 752 1564; x_wconf 92' lang='lat' dir='ltr'>loco</span> <span class='ocrx_word' id='word_1_70' title='bbox 780 1497 871 1563; x_wconf 90' lang='lat' dir='ltr'>illum</span> <span class='ocrx_word' id='word_1_71' title='bbox 897 1497 1027 1579; x_wconf 87' lang='lat' dir='ltr'>citavit,</span> <span class='ocrx_word' id='word_1_72' title='bbox 1052 1495 1187 1579; x_wconf 90' lang='lat' dir='ltr'>eiusque</span> <span class='ocrx_word' id='word_1_73' title='bbox 1208 1515 1320 1557; x_wconf 90' lang='lat' dir='ltr'>narra-</span> 
     </span>
     <span class='ocr_line' id='line_1_12' title="bbox 197 1597 1320 1693; baseline -0.005 -28"><span class='ocrx_word' id='word_1_74' title='bbox 197 1601 320 1665; x_wconf 87' lang='lat' dir='ltr'>tionem</span> <span class='ocrx_word' id='word_1_75' title='bbox 337 1602 511 1687; x_wconf 86' lang='lat' dir='ltr'>depugna</span> <span class='ocrx_word' id='word_1_76' title='bbox 530 1601 698 1693; x_wconf 72' lang='lat' dir='ltr'>Mettensi,</span> <span class='ocrx_word' id='word_1_77' title='bbox 719 1600 899 1666; x_wconf 87' lang='lat' dir='ltr'>Ptolemaei</span> <span class='ocrx_word' id='word_1_78' title='bbox 920 1601 1083 1666; x_wconf 83' lang='lat' dir='ltr'>sententia</span> <span class='ocrx_word' id='word_1_79' title='bbox 1096 1597 1229 1679; x_wconf 84' lang='lat' dir='ltr'>collata,</span> <span class='ocrx_word' id='word_1_80' title='bbox 1248 1618 1320 1660; x_wconf 91' lang='lat' dir='ltr'>cor-</span> 
     </span>
     <span class='ocr_line' id='line_1_13' title="bbox 198 1695 972 1791; baseline 0 -25"><span class='ocrx_word' id='word_1_81' title='bbox 198 1705 284 1768; x_wconf 86' lang='lat' dir='ltr'>rexit</span> <span class='ocrx_word' id='word_1_82' title='bbox 302 1714 400 1789; x_wconf 89' lang='lat' dir='ltr'>atque</span> <span class='ocrx_word' id='word_1_83' title='bbox 419 1704 582 1790; x_wconf 88' lang='lat' dir='ltr'>corripuit</span> <span class='ocrx_word' id='word_1_84' title='bbox 590 1706 628 1791; x_wconf 76' lang='lat'>⁸).</span> <span class='ocrx_word' id='word_1_85' title='bbox 963 1695 972 1708; x_wconf 76' lang='grc'><em>’</em></span> 
     </span>
    </p>

    <p class='ocr_par' dir='ltr' id='par_1_6' title="bbox 196 1803 1321 2201">
     <span class='ocr_line' id='line_1_14' title="bbox 280 1803 1321 1897; baseline -0.004 -27"><span class='ocrx_word' id='word_1_86' title='bbox 280 1805 321 1870; x_wconf 91' lang='lat' dir='ltr'>In</span> <span class='ocrx_word' id='word_1_87' title='bbox 351 1807 413 1870; x_wconf 88' lang='lat' dir='ltr'>hae</span> <span class='ocrx_word' id='word_1_88' title='bbox 442 1818 521 1892; x_wconf 83' lang='lat' dir='ltr'>ergo</span> <span class='ocrx_word' id='word_1_89' title='bbox 557 1807 751 1892; x_wconf 87' lang='lat' dir='ltr'>quaestione</span> <span class='ocrx_word' id='word_1_90' title='bbox 787 1808 827 1872; x_wconf 88' lang='lat' dir='ltr'>de</span> <span class='ocrx_word' id='word_1_91' title='bbox 856 1805 1006 1897; x_wconf 87' lang='lat' dir='ltr'>fontibus</span> <span class='ocrx_word' id='word_1_92' title='bbox 1036 1803 1133 1869; x_wconf 81' lang='lat' dir='ltr'>Curti</span> <span class='ocrx_word' id='word_1_93' title='bbox 1168 1803 1321 1868; x_wconf 89' lang='lat' dir='ltr'>instituta</span> 
     </span>
     <span class='ocr_line' id='line_1_15' title="bbox 198 1908 1320 1995; baseline -0.004 -23"><span class='ocrx_word' id='word_1_94' title='bbox 198 1909 432 1992; x_wconf 84' lang='lat' dir='ltr'>demonstravi,</span> <span class='ocrx_word' id='word_1_95' title='bbox 450 1910 603 1977; x_wconf 85' lang='lat' dir='ltr'>Curtium</span> <span class='ocrx_word' id='word_1_96' title='bbox 622 1911 793 1978; x_wconf 84' lang='lat' dir='ltr'>historiam</span> <span class='ocrx_word' id='word_1_97' title='bbox 811 1933 917 1995; x_wconf 90' lang='lat' dir='ltr'>usque</span> <span class='ocrx_word' id='word_1_98' title='bbox 937 1910 979 1974; x_wconf 89' lang='lat' dir='ltr'>ad</span> <span class='ocrx_word' id='word_1_99' title='bbox 991 1908 1074 1974; x_wconf 90' lang='lat' dir='ltr'>Dari</span> <span class='ocrx_word' id='word_1_100' title='bbox 1093 1914 1233 1972; x_wconf 90' lang='lat' dir='ltr'>mortem</span> <span class='ocrx_word' id='word_1_101' title='bbox 1247 1928 1320 1970; x_wconf 80' lang='lat' dir='ltr'>nar-</span> 
     </span>
     <span class='ocr_line' id='line_1_16' title="bbox 197 2008 1320 2099; baseline -0.002 -23"><span class='ocrx_word' id='word_1_102' title='bbox 197 2023 299 2077; x_wconf 89' lang='lat' dir='ltr'>ratam</span> <span class='ocrx_word' id='word_1_103' title='bbox 325 2023 458 2099; x_wconf 88' lang='lat' dir='ltr'>praeter</span> <span class='ocrx_word' id='word_1_104' title='bbox 484 2013 691 2080; x_wconf 88' lang='lat' dir='ltr'>Clitarchum</span> <span class='ocrx_word' id='word_1_105' title='bbox 725 2014 865 2078; x_wconf 88' lang='lat' dir='ltr'>maxime</span> <span class='ocrx_word' id='word_1_106' title='bbox 893 2037 935 2078; x_wconf 93' lang='lat' dir='ltr'>ex</span> <span class='ocrx_word' id='word_1_107' title='bbox 963 2011 1173 2093; x_wconf 86' lang='lat' dir='ltr'>Ptolemaeo,</span> <span class='ocrx_word' id='word_1_108' title='bbox 1205 2008 1320 2094; x_wconf 83' lang='lat' dir='ltr'>paucis</span> 
     </span>
     <span class='ocr_line' id='line_1_17' title="bbox 196 2111 1320 2201; baseline -0.007 -22"><span class='ocrx_word' id='word_1_109' title='bbox 196 2114 279 2182; x_wconf 91' lang='lat' dir='ltr'>locis</span> <span class='ocrx_word' id='word_1_110' title='bbox 299 2140 341 2182; x_wconf 94' lang='lat' dir='ltr'>ex</span> <span class='ocrx_word' id='word_1_111' title='bbox 357 2115 576 2200; x_wconf 85' lang='lat' dir='ltr'>Callisthene,</span> <span class='ocrx_word' id='word_1_112' title='bbox 603 2139 668 2181; x_wconf 91' lang='lat' dir='ltr'>uno</span> <span class='ocrx_word' id='word_1_113' title='bbox 690 2117 765 2183; x_wconf 91' lang='lat' dir='ltr'>loco</span> <span class='ocrx_word' id='word_1_114' title='bbox 790 2127 878 2182; x_wconf 90' lang='lat' dir='ltr'>certe</span> <span class='ocrx_word' id='word_1_115' title='bbox 898 2139 938 2181; x_wconf 89' lang='lat' dir='ltr'>ex</span> <span class='ocrx_word' id='word_1_116' title='bbox 955 2115 1137 2201; x_wconf 84' lang='lat' dir='ltr'>Timagene</span> <span class='ocrx_word' id='word_1_117' title='bbox 1160 2111 1320 2178; x_wconf 89' lang='lat' dir='ltr'>hausisse.</span> 
     </span>
    </p>
   </div>
   <div class='ocr_carea' id='block_1_3' title="bbox 657 2310 861 2319">
    <p class='ocr_par' dir='ltr' id='par_1_7' title="bbox 657 2310 861 2319">
     <span class='ocr_line' id='line_1_18' title="bbox 657 2310 861 2319; baseline 0 0"><span class='ocrx_word' id='word_1_118' title='bbox 657 2310 861 2319; x_wconf 69' lang='lat'><em>——-—--</em></span> 
     </span>
    </p>
   </div>
   <div class='ocr_carea' id='block_1_4' title="bbox 554 2444 956 2699">
    <p class='ocr_par' dir='ltr' id='par_1_8' title="bbox 554 2444 956 2699">
     <span class='ocr_line' id='line_1_19' title="bbox 673 2444 845 2565; baseline 0 -27"><span class='ocrx_word' id='word_1_119' title='bbox 673 2445 772 2565; x_wconf 79' lang='lat' dir='ltr'>Oap.</span> <span class='ocrx_word' id='word_1_120' title='bbox 805 2444 845 2541; x_wconf 82' lang='lat'>3.</span> 
     </span>
     <span class='ocr_line' id='line_1_20' title="bbox 554 2618 956 2699; baseline 0.005 -3"><span class='ocrx_word' id='word_1_121' title='bbox 554 2619 603 2696; x_wconf 81' lang='lat' dir='ltr'>lle</span> <span class='ocrx_word' id='word_1_122' title='bbox 630 2618 784 2697; x_wconf 81' lang='lat' dir='ltr'>lontibus</span> <span class='ocrx_word' id='word_1_123' title='bbox 812 2618 956 2699; x_wconf 77' lang='lat' dir='ltr'>Arriani.</span> 
     </span>
    </p>
   </div>
   <div class='ocr_carea' id='block_1_5' title="bbox 193 2787 1323 3390">
    <p class='ocr_par' dir='ltr' id='par_1_9' title="bbox 193 2787 1323 3390">
     <span class='ocr_line' id='line_1_21' title="bbox 281 2787 1321 2875; baseline 0.001 -24"><span class='ocrx_word' id='word_1_124' title='bbox 281 2787 358 2873; x_wconf 89' lang='lat' dir='ltr'>Ipse</span> <span class='ocrx_word' id='word_1_125' title='bbox 368 2788 529 2853; x_wconf 87' lang='lat' dir='ltr'>Arrianus</span> <span class='ocrx_word' id='word_1_126' title='bbox 540 2789 573 2852; x_wconf 93' lang='lat' dir='ltr'>in</span> <span class='ocrx_word' id='word_1_127' title='bbox 585 2789 805 2874; x_wconf 89' lang='lat' dir='ltr'>praefatione,</span> <span class='ocrx_word' id='word_1_128' title='bbox 825 2813 861 2855; x_wconf 87' lang='lat' dir='ltr'>se</span> <span class='ocrx_word' id='word_1_129' title='bbox 874 2789 1083 2875; x_wconf 91' lang='lat' dir='ltr'>potissimum</span> <span class='ocrx_word' id='word_1_130' title='bbox 1093 2787 1321 2853; x_wconf 87' lang='lat' dir='ltr'>Ptolemaeum</span> 
     </span>
     <span class='ocr_line' id='line_1_22' title="bbox 196 2889 1323 2976; baseline 0.001 -22"><span class='ocrx_word' id='word_1_131' title='bbox 196 2901 294 2976; x_wconf 87' lang='lat' dir='ltr'>utque</span> <span class='ocrx_word' id='word_1_132' title='bbox 306 2889 536 2956; x_wconf 90' lang='lat' dir='ltr'>Aristobulum</span> <span class='ocrx_word' id='word_1_133' title='bbox 549 2904 700 2959; x_wconf 87' lang='lat' dir='ltr'>secutum</span> <span class='ocrx_word' id='word_1_134' title='bbox 711 2916 782 2958; x_wconf 89' lang='lat' dir='ltr'>esse</span> <span class='ocrx_word' id='word_1_135' title='bbox 794 2894 944 2958; x_wconf 86' lang='lat' dir='ltr'>affirmat.</span> <span class='ocrx_word' id='word_1_136' title='bbox 959 2893 1025 2959; x_wconf 88' lang='lat' dir='ltr'>Sed</span> <span class='ocrx_word' id='word_1_137' title='bbox 1038 2891 1144 2975; x_wconf 83' lang='lat' dir='ltr'>addit,</span> <span class='ocrx_word' id='word_1_138' title='bbox 1163 2891 1323 2956; x_wconf 91' lang='lat' dir='ltr'>nonnulla</span> 
     </span>
     <span class='ocr_line' id='line_1_23' title="bbox 198 2990 1321 3080; baseline 0.002 -24"><span class='ocrx_word' id='word_1_139' title='bbox 198 3015 330 3078; x_wconf 89' lang='lat' dir='ltr'>quoque</span> <span class='ocrx_word' id='word_1_140' title='bbox 360 2990 433 3073; x_wconf 70' lang='lat' dir='ltr'>„oie</span> <span class='ocrx_word' id='word_1_141' title='bbox 454 2991 646 3078; x_wconf 71' lang='lat' dir='ltr'>tayouaea“</span> <span class='ocrx_word' id='word_1_142' title='bbox 669 3019 710 3060; x_wconf 92' lang='lat' dir='ltr'>ex</span> <span class='ocrx_word' id='word_1_143' title='bbox 729 2995 800 3059; x_wconf 85' lang='lat' dir='ltr'>eliis</span> <span class='ocrx_word' id='word_1_144' title='bbox 814 2994 968 3060; x_wconf 23' lang='lat' dir='ltr'>,fontibus</span> <span class='ocrx_word' id='word_1_145' title='bbox 989 2995 1217 3080; x_wconf 80' lang='lat' dir='ltr'>exscripsisse,</span> <span class='ocrx_word' id='word_1_146' title='bbox 1238 3015 1321 3080; x_wconf 88' lang='lat' dir='ltr'>qnae</span> 
     </span>
     <span class='ocr_line' id='line_1_24' title="bbox 194 3094 1320 3188; baseline 0.001 -29"><span class='ocrx_word' id='word_1_147' title='bbox 194 3094 258 3159; x_wconf 87' lang='lat' dir='ltr'>sibi</span> <span class='ocrx_word' id='word_1_148' title='bbox 284 3105 416 3160; x_wconf 88' lang='lat' dir='ltr'>narratu</span> <span class='ocrx_word' id='word_1_149' title='bbox 445 3095 546 3181; x_wconf 83' lang='lat' dir='ltr'>digna</span> <span class='ocrx_word' id='word_1_150' title='bbox 565 3107 678 3164; x_wconf 88' lang='lat' dir='ltr'>essent</span> <span class='ocrx_word' id='word_1_151' title='bbox 700 3098 814 3183; x_wconf 76' lang='lat' dir='ltr'>visa4).</span> <span class='ocrx_word' id='word_1_152' title='bbox 835 3098 911 3181; x_wconf 76' lang='lat' dir='ltr'>Quo</span> <span class='ocrx_word' id='word_1_153' title='bbox 923 3097 957 3162; x_wconf 92' lang='lat' dir='ltr'>in</span> <span class='ocrx_word' id='word_1_154' title='bbox 968 3120 1103 3188; x_wconf 85' lang='lat' dir='ltr'>numero</span> <span class='ocrx_word' id='word_1_155' title='bbox 1116 3095 1320 3163; x_wconf 83' lang='lat' dir='ltr'>Clitarchum</span> 
     </span>
     <span class='ocr_line' id='line_1_25' title="bbox 196 3192 1322 3285; baseline 0.002 -24"><span class='ocrx_word' id='word_1_156' title='bbox 196 3221 332 3284; x_wconf 47' lang='lat' dir='ltr'>quoque,</span> <span class='ocrx_word' id='word_1_157' title='bbox 348 3199 462 3279; x_wconf 87' lang='lat' dir='ltr'>fuisse,</span> <span class='ocrx_word' id='word_1_158' title='bbox 483 3201 546 3265; x_wconf 92' lang='lat' dir='ltr'>hoc</span> <span class='ocrx_word' id='word_1_159' title='bbox 565 3201 641 3265; x_wconf 92' lang='lat' dir='ltr'>loco</span> <span class='ocrx_word' id='word_1_160' title='bbox 665 3192 833 3266; x_wconf 89' lang='lat' dir='ltr'>nonnullis</span> <span class='ocrx_word' id='word_1_161' title='bbox 852 3200 1055 3285; x_wconf 79' lang='lat' dir='ltr'>argumentis</span> <span class='ocrx_word' id='word_1_162' title='bbox 1073 3195 1145 3264; x_wconf 89' lang='lat' dir='ltr'>sum</span> <span class='ocrx_word' id='word_1_163' title='bbox 1161 3198 1322 3284; x_wconf 87' lang='lat' dir='ltr'>probatu-</span> 
     </span>
     <span class='ocr_line' id='line_1_26' title="bbox 193 3299 1322 3390; baseline 0.001 -26"><span class='ocrx_word' id='word_1_164' title='bbox 193 3323 260 3366; x_wconf 87' lang='lat' dir='ltr'>rus.</span> <span class='ocrx_word' id='word_1_165' title='bbox 301 3299 388 3367; x_wconf 88' lang='lat' dir='ltr'>Oum</span> <span class='ocrx_word' id='word_1_166' title='bbox 408 3301 559 3370; x_wconf 93' lang='lat' dir='ltr'>Diodoro</span> <span class='ocrx_word' id='word_1_167' title='bbox 585 3303 689 3389; x_wconf 79' lang='lat' dir='ltr'>enim,</span> <span class='ocrx_word' id='word_1_168' title='bbox 714 3327 812 3390; x_wconf 91' lang='lat' dir='ltr'>quem</span> <span class='ocrx_word' id='word_1_169' title='bbox 838 3302 1044 3367; x_wconf 84' lang='lat' dir='ltr'>Clitarchum</span> <span class='ocrx_word' id='word_1_170' title='bbox 1067 3301 1173 3367; x_wconf 88' lang='lat' dir='ltr'>solum</span> <span class='ocrx_word' id='word_1_171' title='bbox 1198 3301 1322 3367; x_wconf 87' lang='lat' dir='ltr'>exscri-</span> 
     </span>
    </p>
   </div>
   <div class='ocr_carea' id='block_1_6' title="bbox 190 3524 1322 4372">
    <p class='ocr_par' dir='ltr' id='par_1_10' title="bbox 261 3524 532 3596">
     <span class='ocr_line' id='line_1_27' title="bbox 261 3524 532 3596; baseline 0.004 -19"><span class='ocrx_word' id='word_1_172' title='bbox 261 3524 281 3593; x_wconf 87' lang='lat'>¹)</span> <span class='ocrx_word' id='word_1_173' title='bbox 300 3526 373 3582; x_wconf 82' lang='lat' dir='ltr'>Ourt.</span> <span class='ocrx_word' id='word_1_174' title='bbox 392 3545 414 3582; x_wconf 90' lang='lat' dir='ltr'>o.</span> <span class='ocrx_word' id='word_1_175' title='bbox 433 3526 458 3579; x_wconf 90' lang='grc'>8.</span> <span class='ocrx_word' id='word_1_176' title='bbox 476 3529 491 3596; x_wconf 64' lang='grc' dir='ltr'><strong>ς</strong></span> <span class='ocrx_word' id='word_1_177' title='bbox 508 3525 532 3578; x_wconf 77' lang='lat'>2.</span> 
     </span>
    </p>

    <p class='ocr_par' dir='ltr' id='par_1_11' title="bbox 193 3608 1322 3938">
     <span class='ocr_line' id='line_1_28' title="bbox 260 3608 1320 3683; baseline -0.001 -20"><span class='ocrx_word' id='word_1_178' title='bbox 260 3608 366 3680; x_wconf 65' lang='lat' dir='ltr'>2lPlut.</span> <span class='ocrx_word' id='word_1_179' title='bbox 397 3631 418 3666; x_wconf 91' lang='lat' dir='ltr'>c.</span> <span class='ocrx_word' id='word_1_180' title='bbox 441 3610 487 3677; x_wconf 77' lang='lat'>26,</span> <span class='ocrx_word' id='word_1_181' title='bbox 518 3611 544 3669; x_wconf 81' lang='grc'>2.</span> <span class='ocrx_word' id='word_1_182' title='bbox 576 3610 618 3666; x_wconf 79' lang='lat' dir='ltr'>&#39;itt</span> <span class='ocrx_word' id='word_1_183' title='bbox 645 3611 675 3667; x_wconf 82' lang='grc' dir='ltr'>δὲ</span> <span class='ocrx_word' id='word_1_184' title='bbox 705 3611 773 3682; x_wconf 73' lang='grc' dir='ltr'><strong><em>ὅπερ</em></strong></span> <span class='ocrx_word' id='word_1_185' title='bbox 797 3610 983 3683; x_wconf 80' lang='grc' dir='ltr'><strong><em>Ἀλεξανδρεῖς</em></strong></span> <span class='ocrx_word' id='word_1_186' title='bbox 1013 3610 1133 3682; x_wconf 79' lang='grc' dir='ltr'><strong><em>λέγουσι,</em></strong></span> <span class='ocrx_word' id='word_1_187' title='bbox 1158 3608 1320 3681; x_wconf 74' lang='grc' dir='ltr'><strong><em>Ἡρακλείδῃ</em></strong></span> 
     </span>
     <span class='ocr_line' id='line_1_29' title="bbox 193 3697 1322 3765; baseline -0.001 -17"><span class='ocrx_word' id='word_1_188' title='bbox 193 3697 360 3757; x_wconf 78' lang='grc' dir='ltr'><strong><em>πιστεύοντες</em></strong></span> <span class='ocrx_word' id='word_1_189' title='bbox 376 3716 400 3752; x_wconf 78' lang='grc' dir='ltr'>κ.</span> <span class='ocrx_word' id='word_1_190' title='bbox 419 3716 439 3751; x_wconf 75' lang='grc' dir='ltr'><strong><em>τ</em></strong></span> <span class='ocrx_word' id='word_1_191' title='bbox 459 3718 483 3754; x_wconf 89' lang='grc' dir='ltr'>α.</span> <span class='ocrx_word' id='word_1_192' title='bbox 514 3702 650 3763; x_wconf 82' lang='lat' dir='ltr'>Attamen,</span> <span class='ocrx_word' id='word_1_193' title='bbox 674 3717 752 3765; x_wconf 87' lang='lat' dir='ltr'>quum</span> <span class='ocrx_word' id='word_1_194' title='bbox 770 3703 924 3762; x_wconf 86' lang='lat' dir='ltr'>nesciamus,</span> <span class='ocrx_word' id='word_1_195' title='bbox 944 3716 995 3765; x_wconf 93' lang='lat' dir='ltr'>quo</span> <span class='ocrx_word' id='word_1_196' title='bbox 1015 3708 1132 3764; x_wconf 87' lang='lat' dir='ltr'>ternpore</span> <span class='ocrx_word' id='word_1_197' title='bbox 1151 3699 1322 3750; x_wconf 80' lang='lat' dir='ltr'>Heracleides</span> 
     </span>
     <span class='ocr_line' id='line_1_30' title="bbox 195 3784 1319 3852; baseline 0.002 -20"><span class='ocrx_word' id='word_1_198' title='bbox 195 3784 297 3846; x_wconf 81' lang='lat' dir='ltr'>vixerit,</span> <span class='ocrx_word' id='word_1_199' title='bbox 315 3786 422 3835; x_wconf 78' lang='lat' dir='ltr'>dubium</span> <span class='ocrx_word' id='word_1_200' title='bbox 443 3793 490 3848; x_wconf 79' lang='lat' dir='ltr'>est,</span> <span class='ocrx_word' id='word_1_201' title='bbox 509 3793 593 3837; x_wconf 85' lang='lat' dir='ltr'>utram</span> <span class='ocrx_word' id='word_1_202' title='bbox 613 3787 718 3838; x_wconf 79' lang='lat' dir='ltr'>Curtius</span> <span class='ocrx_word' id='word_1_203' title='bbox 737 3788 810 3837; x_wconf 89' lang='lat' dir='ltr'>iliam</span> <span class='ocrx_word' id='word_1_204' title='bbox 827 3788 1008 3837; x_wconf 85' lang='lat' dir='ltr'>narrationem</span> <span class='ocrx_word' id='word_1_205' title='bbox 1026 3803 1059 3836; x_wconf 88' lang='lat' dir='ltr'>ex</span> <span class='ocrx_word' id='word_1_206' title='bbox 1077 3787 1135 3852; x_wconf 87' lang='lat' dir='ltr'>ipso</span> <span class='ocrx_word' id='word_1_207' title='bbox 1153 3785 1319 3846; x_wconf 80' lang='lat' dir='ltr'>Heracleide,</span> 
     </span>
     <span class='ocr_line' id='line_1_31' title="bbox 193 3873 1241 3938; baseline 0.002 -18"><span class='ocrx_word' id='word_1_208' title='bbox 193 3885 226 3932; x_wconf 72' lang='lat' dir='ltr'>an</span> <span class='ocrx_word' id='word_1_209' title='bbox 243 3885 278 3920; x_wconf 82' lang='lat' dir='ltr'>ex</span> <span class='ocrx_word' id='word_1_210' title='bbox 295 3873 427 3921; x_wconf 76' lang='lat' dir='ltr'>communi</span> <span class='ocrx_word' id='word_1_211' title='bbox 445 3873 526 3935; x_wconf 72' lang='lat' dir='ltr'>tonte,</span> <span class='ocrx_word' id='word_1_212' title='bbox 542 3887 579 3923; x_wconf 87' lang='lat' dir='ltr'>an</span> <span class='ocrx_word' id='word_1_213' title='bbox 598 3888 631 3923; x_wconf 85' lang='lat' dir='ltr'>ex</span> <span class='ocrx_word' id='word_1_214' title='bbox 649 3873 722 3923; x_wconf 79' lang='lat' dir='ltr'>fonte</span> <span class='ocrx_word' id='word_1_215' title='bbox 741 3873 866 3935; x_wconf 87' lang='lat' dir='ltr'>hauserit,</span> <span class='ocrx_word' id='word_1_216' title='bbox 886 3873 929 3938; x_wconf 81' lang='lat' dir='ltr'>qui</span> <span class='ocrx_word' id='word_1_217' title='bbox 947 3873 1104 3922; x_wconf 77' lang='lat' dir='ltr'>Heracleide</span> <span class='ocrx_word' id='word_1_218' title='bbox 1123 3873 1156 3922; x_wconf 87' lang='lat' dir='ltr'>sit</span> <span class='ocrx_word' id='word_1_219' title='bbox 1173 3888 1241 3922; x_wconf 78' lang='lat' dir='ltr'>usur.</span> 
     </span>
    </p>

    <p class='ocr_par' dir='ltr' id='par_1_12' title="bbox 192 3954 1320 4110">
     <span class='ocr_line' id='line_1_32' title="bbox 260 3954 1320 4026; baseline 0.001 -18"><span class='ocrx_word' id='word_1_220' title='bbox 260 3954 282 4025; x_wconf 85' lang='lat'>³)</span> <span class='ocrx_word' id='word_1_221' title='bbox 302 3957 374 4012; x_wconf 85' lang='lat' dir='ltr'>Curt.</span> <span class='ocrx_word' id='word_1_222' title='bbox 391 3957 434 4007; x_wconf 89' lang='lat' dir='ltr'>IX</span> <span class='ocrx_word' id='word_1_223' title='bbox 453 3975 474 4011; x_wconf 92' lang='lat' dir='ltr'>c.</span> <span class='ocrx_word' id='word_1_224' title='bbox 487 3956 512 4010; x_wconf 82' lang='lat'>5.</span> <span class='ocrx_word' id='word_1_225' title='bbox 531 3959 545 4026; x_wconf 65' lang='grc' dir='ltr'><strong>ξ</strong></span> <span class='ocrx_word' id='word_1_226' title='bbox 562 3956 608 4009; x_wconf 81' lang='lat'>21:</span> <span class='ocrx_word' id='word_1_227' title='bbox 626 3960 818 4023; x_wconf 87' lang='lat' dir='ltr'>Ptolemaeum,</span> <span class='ocrx_word' id='word_1_228' title='bbox 838 3961 881 4025; x_wconf 90' lang='lat' dir='ltr'>qui</span> <span class='ocrx_word' id='word_1_229' title='bbox 895 3966 987 4025; x_wconf 89' lang='lat' dir='ltr'>postea</span> <span class='ocrx_word' id='word_1_230' title='bbox 1003 3960 1134 4024; x_wconf 80' lang='lat' dir='ltr'>regnavit,</span> <span class='ocrx_word' id='word_1_231' title='bbox 1145 3959 1206 4011; x_wconf 88' lang='lat' dir='ltr'>huic</span> <span class='ocrx_word' id='word_1_232' title='bbox 1216 3974 1320 4026; x_wconf 86' lang='lat' dir='ltr'>pugnae</span> 
     </span>
     <span class='ocr_line' id='line_1_33' title="bbox 192 4041 928 4110; baseline 0.005 -18"><span class='ocrx_word' id='word_1_233' title='bbox 192 4041 305 4106; x_wconf 85' lang='lat' dir='ltr'>affuisse,</span> <span class='ocrx_word' id='word_1_234' title='bbox 324 4051 473 4094; x_wconf 83' lang='lat' dir='ltr'>auctorest</span> <span class='ocrx_word' id='word_1_235' title='bbox 492 4044 639 4095; x_wconf 83' lang='lat' dir='ltr'>Clitarchus</span> <span class='ocrx_word' id='word_1_236' title='bbox 658 4053 683 4095; x_wconf 89' lang='lat' dir='ltr'>et</span> <span class='ocrx_word' id='word_1_237' title='bbox 701 4046 860 4110; x_wconf 78' lang='lat' dir='ltr'>Timagenes</span> <span class='ocrx_word' id='word_1_238' title='bbox 879 4053 928 4096; x_wconf 85' lang='lat' dir='ltr'>eto.</span> 
     </span>
    </p>

    <p class='ocr_par' dir='ltr' id='par_1_13' title="bbox 190 4126 1321 4372">
     <span class='ocr_line' id='line_1_34' title="bbox 257 4126 1319 4208; baseline 0.004 -30"><span class='ocrx_word' id='word_1_239' title='bbox 257 4126 279 4196; x_wconf 75' lang='lat'>4)</span> <span class='ocrx_word' id='word_1_240' title='bbox 301 4132 373 4208; x_wconf 66' lang='lat' dir='ltr'>Aru:</span> <span class='ocrx_word' id='word_1_241' title='bbox 393 4133 580 4197; x_wconf 70' lang='lat' dir='ltr'>„iipootuaorr</span> <span class='ocrx_word' id='word_1_242' title='bbox 603 4128 656 4182; x_wconf 85' lang='grc' dir='ltr'><strong><em>ἔστι</em></strong></span> <span class='ocrx_word' id='word_1_243' title='bbox 675 4128 705 4184; x_wconf 83' lang='grc' dir='ltr'>δὲ</span> <span class='ocrx_word' id='word_1_244' title='bbox 723 4127 741 4182; x_wconf 79' lang='grc' dir='ltr'><strong><em>ά</em></strong></span> <span class='ocrx_word' id='word_1_245' title='bbox 757 4128 802 4182; x_wconf 84' lang='grc' dir='ltr'>καὶ</span> <span class='ocrx_word' id='word_1_246' title='bbox 820 4149 889 4199; x_wconf 89' lang='grc' dir='ltr'><strong><em>προς</em></strong></span> <span class='ocrx_word' id='word_1_247' title='bbox 907 4127 1001 4183; x_wconf 79' lang='grc' dir='ltr'><strong><em>άλλων</em></strong></span> <span class='ocrx_word' id='word_1_248' title='bbox 1019 4127 1259 4200; x_wconf 75' lang='grc' dir='ltr'><strong><em>ξυγγεγραμμένα,</em></strong></span> <span class='ocrx_word' id='word_1_249' title='bbox 1280 4126 1319 4183; x_wconf 79' lang='grc' dir='ltr'>ὅτι</span> 
     </span>
     <span class='ocr_line' id='line_1_35' title="bbox 191 4210 1321 4290; baseline 0.007 -25"><span class='ocrx_word' id='word_1_250' title='bbox 191 4211 236 4265; x_wconf 81' lang='grc' dir='ltr'>καὶ</span> <span class='ocrx_word' id='word_1_251' title='bbox 254 4210 318 4266; x_wconf 84' lang='grc' dir='ltr'><strong><em>αὐτά</em></strong></span> <span class='ocrx_word' id='word_1_252' title='bbox 337 4210 507 4284; x_wconf 77' lang='grc' dir='ltr'><strong><em>ἀξιαφήγητά</em></strong></span> <span class='ocrx_word' id='word_1_253' title='bbox 524 4211 551 4268; x_wconf 82' lang='grc' dir='ltr'><em>τέ</em></span> <span class='ocrx_word' id='word_1_254' title='bbox 561 4234 610 4283; x_wconf 84' lang='grc' dir='ltr'>μοι</span> <span class='ocrx_word' id='word_1_255' title='bbox 629 4213 705 4282; x_wconf 84' lang='grc' dir='ltr'><strong><em>ἔδοξε</em></strong></span> <span class='ocrx_word' id='word_1_256' title='bbox 717 4214 761 4271; x_wconf 84' lang='grc' dir='ltr'>καὶ</span> <span class='ocrx_word' id='word_1_257' title='bbox 775 4212 805 4272; x_wconf 78' lang='grc' dir='ltr'>οὐ</span> <span class='ocrx_word' id='word_1_258' title='bbox 818 4216 903 4285; x_wconf 78' lang='grc' dir='ltr'><strong><em>πάντη</em></strong></span> <span class='ocrx_word' id='word_1_259' title='bbox 918 4216 1023 4280; x_wconf 84' lang='grc' dir='ltr'><strong><em>ἄπιστα,</em></strong></span> <span class='ocrx_word' id='word_1_260' title='bbox 1038 4215 1074 4276; x_wconf 79' lang='grc' dir='ltr'>ὥς</span> <span class='ocrx_word' id='word_1_261' title='bbox 1086 4215 1220 4289; x_wconf 87' lang='grc' dir='ltr'><strong><em>λεγόμενα</em></strong></span> <span class='ocrx_word' id='word_1_262' title='bbox 1232 4215 1321 4290; x_wconf 81' lang='grc' dir='ltr'><strong><em>μόνον</em></strong></span> 
     </span>
     <span class='ocr_line' id='line_1_36' title="bbox 190 4296 624 4372; baseline 0.005 -20"><span class='ocrx_word' id='word_1_263' title='bbox 190 4296 259 4369; x_wconf 80' lang='grc' dir='ltr'><strong><em>ὑπὲρ</em></strong></span> <span class='ocrx_word' id='word_1_264' title='bbox 274 4296 452 4370; x_wconf 75' lang='grc' dir='ltr'><strong><em>Ἀλεξάνδρου</em></strong></span> <span class='ocrx_word' id='word_1_265' title='bbox 470 4296 624 4372; x_wconf 74' lang='grc' dir='ltr'><strong><em>ἀνέγραψα.</em></strong></span> 
     </span>
    </p>
   </div>
   <div class='ocr_carea' id='block_1_7' title="bbox 0 0 1520 4950">
    <p class='ocr_par' dir='ltr' id='par_1_14' title="bbox 0 0 1520 4950">
     <span class='ocr_line' id='line_1_37' title="bbox 0 0 1520 4950; baseline 0 1"><span class='ocrx_word' id='word_1_266' title='bbox 0 0 1520 4950; x_wconf 95' lang='lat' dir='ltr'> </span> 
     </span>
    </p>
   </div>
  </div>
 </body>
</html>
