3030 4950
745 351 788 416 23

197 557 335 622 consilia
363 565 396 621 et
419 579 470 623 res
495 565 607 639 gestas
633 557 787 638 tradidit,
807 557 906 642 primi
930 556 1077 638 consilii,
1102 579 1168 640 quo
1201 556 1323 624 Darius

198 668 294 725 utens
313 661 347 724 in
365 660 458 727 laevo
478 682 538 725 suo
558 682 661 725 cornu
684 660 748 724 fuit
771 660 1009 742 dimicaturus,
1032 659 1171 745 triginta
1190 659 1323 726 milibus

199 764 477 829 mercenariorum
495 764 528 826 in
548 763 666 828 dextro
686 786 790 828 cornu
801 763 986 845 collocatis,
1011 763 1102 827 nullo
1116 763 1217 828 verbo
1231 787 1323 829 men·

197 866 322 930 tionem
348 865 438 930 fecit.
476 864 544 932 Sed
568 865 722 930 aOurtio
752 865 840 929 idem
868 865 1043 929 consilium
1067 865 1322 950 proditumtest3

197 969 256 1052 qui
278 969 363 1032 enim
382 968 520 1033 Darium
540 978 573 1034 et
590 969 730 1054 triginta
749 969 839 1034 milia
852 969 1129 1034 mercenariorum
1153 968 1187 1032 in
1206 969 1323 1034 dextro

197 1092 257 1134 suo
277 1094 379 1136 corno
399 1070 595 1154 collocasse,
615 1080 648 1136 et
666 1071 700 1134 in
717 1071 811 1137 laevo
824 1071 1056 1136 dimicaturum
1066 1072 1170 1137 fuisse
1181 1071 1321 1156 tradit1).

196 1172 468 1258 Descriptionem
489 1173 573 1238 aciei
591 1172 632 1238 ab
652 1173 845 1239 Alexandro
864 1174 1059 1259 instructae,
1079 1198 1179 1259 quam
1198 1199 1217 1239 a
1237 1174 1322 1241 Our-

195 1276 242 1340 tio
266 1300 307 1341 ex
329 1277 522 1341 Ptolemaeo
546 1276 748 1362 exscriptam
772 1300 844 1342 esse
874 1278 939 1341 iam
963 1278 1120 1364 probavi,
1144 1279 1176 1342 in
1203 1277 1321 1342 Curtio

196 1389 396 1464 sequuntur,
424 1403 507 1464 quae
541 1403 616 1444 cum
645 1379 861 1446 antecedente
893 1381 1118 1467 descriptione
1149 1380 1232 1445 aciei
1256 1403 1322 1444 non
1379 1383 1380 1386 ’

195 1482 411 1568 cohaerent2).
435 1484 475 1547 ln
504 1482 561 1547 illa
583 1483 670 1548 enim
688 1483 772 1548 aciei
800 1483 1023 1568 descriptione
1050 1485 1115 1549 iam
1134 1483 1323 1569 expositum

196 1586 460 1670 est,'eqnitatum
478 1581 512 1649 in
532 1586 662 1651 duobus
682 1587 840 1651 cornibus
859 1587 964 1653 fuisse
983 1587 1198 1666 collocatum3
1228 1585 1321 1652 iniis

195 1697 304 1753 autem
323 1712 407 1773 quae
426 1696 624 1772 sequuntur,
650 1688 691 1753 ab
710 1689 904 1754 Alexandro
923 1689 1055 1753 demum
1073 1713 1133 1776 per
1152 1689 1322 1776 angustias

196 1792 258 1855 iter
277 1794 403 1855 factum
426 1813 510 1874 esse,
531 1791 650 1856 deinde
672 1791 871 1875 equitatum,
892 1792 1001 1876 spatio
1025 1791 1197 1877 paullatim
1216 1794 1321 1858 maius

195 1903 322 1978 aperto,
342 1901 495 1978 exterge
519 1894 552 1957 in
572 1917 697 1958 cornua
708 1895 927 1978 praemissum
951 1917 1023 1959 esse
1042 1895 1179 1960 Curtius
1198 1905 1321 1961 narrat.

196 1997 284 2060 Eum
302 2004 481 2082 propterea
498 2004 650 2081 tempora
672 1996 905 2081 perturbasse,
925 1997 1013 2082 quod
1044 1998 1170 2062 fontem
1188 2021 1320 2084 permu-

196 2109 321 2182 tasset,
342 2100 507 2164 coniicere
531 2100 619 2164 licet.
659 2102 710 2166 Ac
731 2124 847 2165 revera
869 2102 904 2164 in
929 2101 991 2165 hac
1016 2101 1112 2165 Curti
1134 2103 1321 2169 narratione

193 2203 321 2268 itineris
341 2203 382 2268 ab
401 2203 592 2268 Alexandro
612 2227 671 2289 per
694 2204 865 2290 angustias
895 2203 975 2267 facti
1003 2205 1221 2288 gravissimus
1245 2228 1320 2270 cum

195 2304 397 2370 Callisthene
421 2314 471 2371 est
495 2291 686 2371 consensus.
706 2305 857 2391 Uterque
877 2307 963 2370 euim
982 2306 1094 2388 tradit,
1114 2308 1204 2393 quod
1222 2308 1255 2371 in
1267 2330 1321 2372 ce-

192 2408 272 2473 teris
297 2409 445 2474 fontibus
470 2410 579 2492 deest,
606 2409 790 2474 Alexandri
814 2410 995 2474 exercitum
1024 2409 1162 2496 triginta
1189 2421 1222 2476 et
1255 2411 1320 2476 duo

193 2519 395 2576 armatorum
414 2512 548 2578 ordines
566 2513 668 2577 latum
685 2535 746 2598 per
763 2513 933 2596 angustias
954 2535 1027 2579 esse
1045 2514 1278 2599 profectum).

739 2718 779 2782 Β.

278 2854 388 2920 Multo
409 2856 554 2941 apertior
573 2865 623 2918 est
641 2853 737 2919 Curti
757 2878 831 2920 cum
852 2853 1055 2920 Callisthene
1080 2876 1262 2922 consensus
1285 2857 1319 2921 in

193 2958 383 3022 narratione
403 2958 520 3044 proelii
541 2957 629 3043 apud
650 2956 858 3042 Gaugamela
876 2956 1053 3021 commissi.

277 3058 315 3126 Si
355 3061 451 3125 Curti
494 3062 717 3126 narrationem
752 3060 848 3125 huius
884 3059 1002 3145 proelii
1039 3081 1113 3124 eum
1149 3061 1320 3126 Plutarchi

194 3271 359 3320 senariorum
377 3272 404 3320 in
424 3272 519 3320 dextro
541 3284 623 3319 cornu
642 3269 739 3318 collata
757 3283 813 3317 esse
833 3269 957 3334 narravit,
976 3268 1131 3332 vituperato,
1144 3269 1322 3320 demonstrare

192 3363 302 3406 conatus
326 3364 373 3422 est,
398 3358 576 3406 mercenarios
601 3356 670 3404 ultra
693 3355 805 3403 mediam
831 3355 914 3402 aciem
938 3354 1049 3405 stetisse.
1090 3355 1182 3418 Neque
1212 3355 1321 3420 Polybio

190 3450 298 3492 auctore
322 3442 431 3491 Darium
456 3457 501 3491 eos
525 3442 626 3491 demum
645 3441 680 3489 ad
702 3455 729 3488 se
753 3454 846 3489 vocare
875 3455 940 3502 opus
968 3440 1060 3501 luisse,
1085 3456 1163 3504 quum
1183 3442 1234 3490 iam
1252 3442 1321 3490 inter

192 3544 238 3577 eos
258 3535 332 3577 esset.
375 3528 442 3576 Tum
469 3529 496 3576 in
514 3528 599 3591 capite
616 3523 650 3575 22
673 3526 771 3587 scribit,
796 3524 984 3574 Callisthenem
1009 3526 1074 3575 haec
1099 3540 1231 3574 narrasse:
1253 3523 1320 3577 acroi

189 3609 242 3681 μὲν
261 3609 344 3680 ἀρχὰς
360 3609 405 3662 καὶ
424 3609 470 3662 adv
490 3616 606 3679 Δαρεῖον
624 3608 706 3663 αὐτὰν
723 3609 880 3679 (μάχεσθαι)
890 3608 1034 3676 βούὴσθαι
1051 3609 1117 3661 κατὰ
1135 3608 1182 3662 τὸν
1196 3607 1321 3672 Ἀλέξαν-

197 3697 271 3766 door,
289 3693 400 3765 ὕστερον
419 3694 449 3749 δὲ
465 3681 635 3766 μετανοῆσαιῖ

274 3782 296 3851 ¹)
315 3784 388 3837 Cart.
414 3783 465 3836 IIL
488 3800 509 3832 c.
528 3780 544 3833 9
563 3784 577 3848 ξ
596 3780 611 3832 1
631 3800 655 3832 u.
673 3782 704 3832 2:
742 3783 911 3833 Nabarzanes
939 3783 1056 3846 equitatu
1087 3781 1208 3831 dextrum
1237 3799 1321 3834 cornu

189 3871 317 3920 tuebatur.
352 3870 385 3919 In
407 3869 500 3918 eodem
519 3876 576 3919 erat
594 3869 745 3933 Thymodes
765 3869 875 3919 Graecis
892 3868 1025 3932 peditibus
1045 3867 1165 3918 mercede
1179 3869 1319 3922 conductis

190 3957 297 4021 triginta
315 3956 418 4006 milibus
437 3956 610 4019 praepositus.
646 3951 710 4019 §32
737 3954 768 4003 In
794 3955 870 4003 laevo
896 3970 995 4004 cornu.
1076 3954 1161 4018 ipsum
1185 3971 1274 4019 regem
1293 3958 1320 4007 in

193 4043 286 4092 eodem
306 4057 388 4091 cornu
406 4041 640 4092 dimicaturum
659 4048 707 4090 etc.
746 4096 748 4100 ⁸

275 4125 295 4194 2)
314 4128 384 4176 Curt.
404 4126 456 4178 111.
475 4144 496 4175 c.
516 4123 532 4176 9
552 4127 566 4191 ᾗ
586 4123 626 4176 12.

272 4210 395 4281 ³)Curt.:
422 4214 532 4278 triginta
556 4219 582 4261 et
609 4211 661 4261 duo
690 4219 851 4262 armatorum
880 4212 983 4262 ordines
1010 4212 1084 4264 ibant
1101 4214 1193 4281 Polyb.
1214 4215 1277 4268 XII.
1296 4232 1318 4271 c.

190 4297 296 4353 19
314 4296 343 4350 τᾶ
362 4297 447 4367 βάθος
465 4296 544 4377 αὑτῆς
560 4291 607 4349 ἐπὶ
623 4295 765 4366 τριάκοντα
782 4295 828 4349 καὶ
847 4296 893 4351 δύο
912 4314 966 4352 κτα.
