3030 4950
761 360 782 423 9

209 587 285 631 nem
302 566 399 631 facta.
433 563 500 648 Qui
523 563 589 630 duc
609 555 673 630 loci
693 587 767 629 cum
786 563 936 632 Diodoro
954 587 1021 631 non
1040 564 1140 631 modo
1163 585 1229 629 non
1248 585 1329 628 con-

208 668 366 750 sentiunt,
390 666 449 732 sed
472 667 571 733 etiam
594 667 633 732 ab
658 689 697 732 eo
723 666 933 734 vehementer
956 667 1144 734 abhorrent.
1179 665 1218 734 Si
1241 666 1329 730 enim

208 770 380 854 utriusque
404 769 579 855 scriptoris
604 770 826 835 narrationem
847 771 966 857 proelii
994 771 1082 856 apud
1110 772 1221 836 Issum
1250 768 1331 833 facti

209 872 400 960 diligentius
413 873 662 954 exanimaveris‚
673 873 733 938 has
744 895 796 939 res
809 874 895 939 inter
905 896 939 939 se
950 873 1139 959 discrepare
1147 871 1330 957 reperies¹).

293 979 327 1056 a)
347 973 579 1058 Callisthenes,
602 974 832 1041 Alexandrum
854 976 931 1058 iam,
950 977 1009 1041 uhi
1027 976 1247 1061 quadraginta
1265 973 1330 1039 oir-

208 1078 290 1142 citer
307 1076 415 1142 stadia
433 1101 451 1142 a
470 1078 572 1144 Dario
591 1077 689 1162 afuit,
709 1079 824 1164 copias
853 1101 930 1143 suas
958 1087 1113 1164 porrecta
1136 1086 1169 1142 et
1191 1083 1333 1161 aequata

210 1181 320 1246 fronte
337 1180 371 1243 in
390 1203 465 1246 eum
488 1181 634 1264 duxisse,
653 1182 766 1264 tradit,
786 1180 956 1247 Diodorus
972 1203 1046 1246 cum
1059 1182 1177 1249 Curtio
1190 1201 1330 1246 consen·

208 1285 306 1368 tiens,
329 1283 466 1369 triginta
485 1283 614 1348 demum
634 1306 653 1347 a
671 1283 776 1349 Dario
800 1306 874 1350 eum
896 1284 1092 1350 instruxisse
1111 1281 1330 1368 exercitum²).

293 1385 331 1470 b)
350 1385 582 1468 Callisthenes,
601 1386 706 1451 Dario
724 1387 759 1451 in
776 1387 903 1472 proelio
924 1387 1012 1471 apud
1030 1386 1140 1452 Issum
1153 1384 1332 1451 commisso

209 1489 356 1576 triginta,
378 1488 544 1554 Diodorus
564 1496 697 1553 centum
716 1489 806 1555 milia
825 1491 972 1574 equitum
991 1491 1105 1571 fuisse,
1128 1489 1287 1566 narrat.³)

295 1591 329 1677 c)
350 1590 520 1657 Diodorus
540 1599 573 1655 et
588 1589 734 1675 Curtius,
747 1592 897 1674 Darium,
910 1593 987 1656 dum
999 1599 1177 1678 pugnatur,
1189 1591 1224 1654 in
1235 1590 1331 1655 laevo

209 1715 324 1776 cornu,
344 1691 560 1760 Callisthenis
579 1704 612 1758 et
632 1694 807 1778 Arrianus,
825 1695 859 1759 in
878 1695 987 1763 media
1011 1696 1080 1760 acie
1099 1695 1241 1776 stetisse,
1263 1702 1331 1759 tra-

210 1795 301 1861 dunt.
322 1795 500 1859 Praeterea
510 1795 680 1861 Diodorus
691 1807 723 1860 et
734 1795 870 1862 Curtius
883 1798 968 1866 inter
982 1796 1063 1862 Dari
1077 1807 1175 1882 atque
1185 1796 1331 1861 Alexan-

210 1898 261 1964 dri
280 1899 418 1963 comites
436 1897 539 1962 multa
556 1898 658 1964 fuisse
679 1899 858 1964 certamina
877 1900 1034 1983 referunt,
1058 1923 1199 1985 quorum
1225 1921 1333 1983 neque

211 2001 432 2070 Callisthenes
452 2025 557 2086 neque
580 2003 742 2067 Arrianus
761 2003 829 2068 ullo
849 2001 950 2068 verbo
975 2003 1173 2068 mentionem
1195 2000 1332 2085 faciunt,

209 2105 309 2169 immo
337 2104 431 2169 salvo
459 2105 655 2170 narrationis
679 2105 794 2170 ordine
823 2107 1024 2173 mentionem
1047 2105 1156 2170 facere
1180 2127 1246 2168 non
1273 2126 1333 2189 po·

209 2207 389 2291 tuerunt4).
417 2235 423 2249 ·

295 2309 329 2392 d)
353 2309 506 2394 Denique
532 2297 690 2396 Polybius
714 2311 831 2376 eodem
858 2311 933 2376 loco
967 2309 1144 2375 memoriae
1172 2307 1334 2394 prodidit,

208 2412 439 2479 Alexandrum
461 2413 495 2475 in
513 2414 629 2477 Asiam
647 2415 926 2498 proticiscentem,
956 2411 1161 2479 Callisthene
1184 2422 1332 2495 auctore,

210 2515 430 2602 quadraginta
450 2514 540 2578 milia
557 2516 704 2601 peditum
726 2516 891 2599 habuisse,
903 2516 1077 2582 Diodorus
1091 2537 1169 2580 vero
1187 2512 1332 2579 tantum·

210 2618 309 2684 modo
330 2618 465 2700 triginta
485 2616 622 2681 miliaci
642 2619 743 2683 fuisse
763 2618 914 2704 narrat⁶).

294 2720 412 2805 Neque
432 2720 539 2785 minus
559 2720 664 2785 altero
684 2723 759 2786 loco
779 2722 820 2787 de
843 2720 978 2786 oraculo
996 2721 1030 2784 in
1048 2719 1173 2804 templo
1195 2722 1332 2784 Ammo-

209 2824 261 2889 nis
281 2824 359 2887 dato
381 2822 550 2888 Diodorus
570 2832 603 2888 et
622 2822 845 2889 Callisthenes
863 2825 949 2888 iuter
966 2846 1003 2888 se
1023 2822 1252 2907 discrepante.

294 2925 517 2991 Callisthenes
537 2926 636 3008 enim,
659 2924 824 2992 Strabone
843 2935 990 3009 auctore,
1010 2926 1120 3010 refert,
1140 2925 1331 2990 Alexandro

210 3028 321 3094 omnia
340 3050 501 3113 responsa
522 3036 581 3093 aut
599 3028 686 3093 nutis
707 3037 765 3093 aut
784 3029 900 3115 signis,
919 3028 983 3094 hoc
1002 3027 1108 3094 solum
1129 3028 1241 3094 verbis
1259 3050 1333 3094 esse
1402 3060 1408 3067 ⁸

293 3267 317 3337 ¹)
336 3270 368 3321 cf.
386 3268 466 3318 Diod.
485 3286 506 3318 c.
525 3266 627 3320 33-35
646 3277 673 3319 et
688 3269 780 3334 Polyb.
799 3269 866 3324 xli.
886 3287 909 3324 c.
927 3267 1036 3320 17-22.

293 3353 366 3421 ²)cf.
384 3354 464 3404 Diod.
485 3371 506 3406 c.
524 3352 566 3405 33.
586 3355 658 3406 Curt.
676 3356 725 3409 111.
744 3372 766 3406 c.
785 3352 802 3405 8
821 3357 835 3420 ξ
852 3353 894 3408 24.
913 3357 1006 3422 Polyb.
1024 3357 1091 3410 XII.
1111 3374 1132 3409 c.
1150 3354 1193 3409 20.

297 3437 318 3503 ³)
338 3439 369 3490 ci.
388 3440 467 3490 Diod.
487 3456 508 3491 c.
526 3438 567 3494 31.
587 3441 678 3507 Polyb.
697 3442 763 3495 XII.
780 3458 802 3495 c.
822 3438 862 3493 18.

293 3524 316 3592 4)
335 3527 367 3576 cf.
386 3525 466 3579 Diod.
485 3542 506 3578 c.
524 3523 560 3577 34
577 3516 649 3579 Curt.
667 3526 719 3581 III.
739 3544 761 3577 c.
781 3523 813 3576 11
833 3528 848 3593 §
866 3524 1061 3593 7-10.1>01yb.
1081 3546 1103 3579 c.
1122 3526 1164 3580 22.
1178 3533 1237 3583 Arr.
1256 3529 1292 3583 11.
1312 3546 1334 3582 c.

210 3609 250 3675 10,
270 3609 293 3662 3.

293 3695 316 3765 5)
334 3697 414 3747 Diod.
433 3713 455 3746 c.
474 3694 514 3747 17.
534 3698 626 3763 Polyb.
646 3716 667 3749 c.
687 3697 726 3750 19.

294 3780 317 3847 6)
335 3785 447 3833 Mueller
466 3775 547 3834 totam
565 3785 700 3836 Plutarchi
717 3787 812 3848 locum,
839 3802 891 3851 quo
918 3787 1052 3851 expeditio
1078 3786 1176 3852 Libyca
1203 3795 1333 3850 narratur,

214 3887 245 3921 ex
265 3869 427 3920 Callisthene
445 3872 643 3935 transscriptum
656 3887 722 3937 esse,
740 3871 808 3921 falso
826 3878 900 3936 putat
918 3873 950 3921 cf.
969 3873 1061 3936 fragm.
1080 3869 1122 3923 36.
1157 3873 1236 3924 Haud
1255 3850 1334 3924 dubie

210 3958 366 4009 Plutarchus
384 3957 435 4005 hoc
454 3956 513 4004 loco
531 3957 608 4005 unius
626 3955 805 4006 tantummodo
832 3957 952 4007 miraculi
982 3963 1116 4008 auctorem
1143 3957 1333 4010 Callisthenem

210 4043 343 4106 perhibet,
363 4057 440 4106 quum
459 4041 542 4090 dicat:
555 4036 618 4092 ‘Odi
635 4039 866 4109 θαυμασιώτατον,
886 4039 922 4098 ὥς
939 4037 1118 4106 Καλλισθένης
1140 4043 1214 4114 φησί.
1254 4046 1334 4097 Prae·

153 4184 159 4195 ⁶
211 4136 286 4178 terea
303 4129 368 4178 haee
385 4127 522 4177 Plutarchi
540 4129 655 4177 narratio
676 4127 708 4177 de
726 4129 859 4192 responsis
878 4135 923 4178 aut
946 4143 994 4194 per
1017 4130 1093 4193 signa
1119 4137 1164 4180 aut
1186 4146 1234 4195 per
1253 4133 1335 4183 verba

211 4214 278 4264 datis
297 4229 356 4263 cum
374 4213 506 4264 strabonis
525 4213 772 4263 commemoratione
792 4213 907 4262 eiusdem
925 4213 989 4263 facti
1009 4215 1084 4264 valde
1095 4215 1237 4282 discrepat,
1257 4233 1333 4288 quam

211 4314 245 4352 ex
263 4299 425 4351 Callisthene
437 4299 545 4368 petitam
564 4313 630 4361 esse,
649 4313 725 4348 nemo
746 4298 804 4360 erit,
823 4299 886 4367 quin
905 4300 1038 4356 concedat.
