3030 4950
746 328 767 391 8

198 534 388 604 Dari'inssu
407 534 534 602 factum
552 554 635 616 esse,
654 545 692 598 ut
709 533 902 601 Alexander
919 533 983 599 alio
1002 533 1079 599 loco.
1101 542 1318 620 occuparetur

197 646 298 722 atqua
314 636 349 700 in
368 634 560 702 clarissimis
578 634 716 701 urbibus
735 635 952 718 maximisque
971 635 1091 719 opibus
1114 635 1318 720 occupandis
1385 682 1387 685 -

197 740 403 808 retineretur.
458 736 566 821 Quam
593 747 765 822 utramque
792 738 1001 820 sententiam,
1031 760 1107 803 cum
1135 738 1170 802 in
1199 737 1317 806 Curtio

197 840 315 911 eodem
333 840 432 912 modo
451 839 635 924 eodemque
654 840 770 907 ordine
789 861 828 904 ac
847 862 934 929 nexu
952 840 995 904 sit
1013 849 1143 906 narrata
1151 842 1184 926 ¹),
1203 840 1318 905 aDio·

198 943 281 1017 doro
299 954 332 1008 et
350 942 468 1009 Curtio
483 965 550 1007 non
565 965 607 1008 ex
623 942 775 1028 pluribus
798 941 958 1023 fontibus,
981 943 1040 1008 sed
1064 966 1105 1007 ex
1126 966 1193 1009 uno
1216 945 1318 1030 scrip·

196 1055 268 1116 tore
288 1068 358 1112 esse
376 1045 539 1128 haustam,
558 1044 614 1130 qui
636 1044 786 1131 pluribus
809 1044 956 1110 fontibus
979 1065 1058 1112 usus
1082 1046 1138 1129 sit,
1161 1047 1234 1131 quis
1258 1056 1318 1130 est,

198 1149 278 1236 quin
296 1148 471 1235 intelligat!
612 1232 614 1236 ι
1236 1173 1237 1177 ’

187 1281 189 1285 ’
282 1250 436 1335 Accedit,
456 1251 547 1336 quod
571 1251 635 1317 iam
656 1249 782 1332 Caucr,
806 1249 991 1315 Diodorum
1016 1250 1257 1333 narrationem,
1283 1250 1317 1315 in

197 1377 263 1440 qna
280 1355 388 1419 fontes
407 1355 505 1435 citat,
528 1377 595 1419 non
618 1376 659 1419 ex
686 1351 831 1419 fontibus
855 1351 1044 1434 nominatis,
1067 1341 1128 1421 sed
1151 1375 1217 1416 una
1244 1349 1319 1417 cum

194 1457 337 1529 fontium
348 1456 539 1524 nominibus
556 1478 598 1521 ex
611 1477 676 1520 uno
687 1455 778 1519 fonte
792 1453 1021 1541 descripsisse,
1034 1454 1317 1523 demonstraverit.

196 1558 327 1643 Quibus
343 1581 385 1623 cx
403 1558 529 1624 caussis
541 1557 727 1622 Diodorum
747 1556 877 1624 duobus
896 1579 1027 1642 quoque
1040 1556 1112 1625 aliis
1122 1556 1216 1640 locis,
1235 1578 1319 1640 quos

197 1661 334 1748 protuli,
351 1683 454 1729 unum
468 1659 697 1732 tantummodo
721 1660 846 1729 fontem
869 1681 941 1725 esse
953 1667 1115 1738 secutum,
1133 1658 1318 1724 veresimile

199 1773 259 1835 est.
297 1762 413 1849 Quum
443 1773 631 1848 praeterea,
660 1762 812 1828 Diodoro
836 1785 911 1827 cum
937 1761 1073 1848 reliquis
1102 1761 1319 1847 scriptoribus

199 1874 353 1934 accurate
371 1875 574 1952 comparato,
593 1865 683 1933 nulla
701 1875 791 1930 carta
808 1865 1015 1929 inveniantur
1027 1863 1160 1947 iudicia,
1180 1887 1253 1928 eum
1264 1887 1320 1929 ex-

148 1997 149 2001 *
198 1967 385 2054 peditiones
398 1967 576 2033 Alexandri
594 1976 782 2032 narrantem
800 1966 951 2052 pluribus
970 1966 1222 2033 fontibususum
1235 1989 1317 2041 esse,

199 2071 363 2138 sententia
390 2069 532 2152 Caneri,
551 2069 819 2156 'Volquardsenh
845 2068 982 2136 Nisseni
1014 2068 1142 2135 decimo
1177 2071 1317 2155 septimo

200 2195 331 2258 quoque
350 2171 492 2237 Diodori
509 2172 595 2238 libro
615 2180 667 2238 est
684 2173 910 2258 comprobata

282 2273 401 2361 Itaque
429 2297 503 2340 cum
529 2282 563 2340 et
584 2274 769 2341 Diodorum
795 2273 973 2341 Clitarcho‘
1004 2298 1099 2341 usum
1132 2298 1204 2340 esse
1227 2286 1318 2340 certo
1367 2323 1368 2326 ,

198 2377 353 2460 sciamus,
374 2385 491 2442 etcum
511 2377 738 2463 expeditiones
750 2377 934 2456 Alexandri
952 2400 994 2443 ex
1012 2400 1077 2443 uuo
1089 2378 1317 2442 tantummodo

196 2479 288 2544 fonte
318 2479 542 2566 exscripsisse,
560 2480 839 2546 veresimillimum
858 2490 922 2562 est,
943 2479 1040 2545 facile
1056 2478 1176 2544 coniici
1195 2487 1318 2564 potest,

198 2580 427 2668 expeditiones
451 2581 633 2652 Alexandri
656 2606 675 2647 a
701 2582 851 2647 Diodoro
882 2605 922 2646 ex
947 2581 1117 2648 Clitarcho
1143 2581 1215 2648 solo
1245 2603 1317 2646 esse

197 2682 341 2753 haustas.

574 2808 774 2872 Excursus
789 2807 840 2872 ad
855 2825 892 2888 p.
910 2803 945 2872 7.

283 2941 367 3006 Cum
386 2940 466 3024 sint,
491 2940 547 3025 qui
571 2951 743 3022 censeant,
767 2947 825 3004 aut
848 2939 1048 3022 Diodorum,
1069 2951 1132 3005 aut
1150 2955 1316 3005 auctorem
1367 2998 1372 3006 .

115 3060 117 3062 ’
197 3045 268 3109 eius
306 3043 534 3128 expeditiones
565 3041 749 3107 Alexandri
776 3051 981 3106 enarrantem
1011 3041 1219 3132 Callisthene
1244 3064 1318 3107 esse

196 3169 303 3229 usum,
326 3146 391 3210 iam
410 3154 604 3231 argumenta
621 3146 800 3229 proferam,
820 3144 998 3228 exquibus
1019 3145 1174 3230 colligere
1196 3146 1317 3230 possin,

198 3248 395 3319 sententiam
414 3248 509 3312 istam
530 3270 601 3313 esse
621 3248 746 3313 falsam.
769 3247 919 3312 Primum
931 3247 1063 3313 maximi
1076 3249 1231 3313 momenti
1245 3270 1317 3313 esse

194 3348 289 3436 ¹puto,
308 3350 399 3435 qnod
417 3349 533 3435 viginti
545 3348 757 3415 Callisthenis
776 3351 973 3435 fragmenta,
993 3372 1132 3434 quorum
1158 3349 1317 3414 nonnulla

196 3460 274 3517 sunt
292 3452 434 3517 maxima
453 3474 559 3536 neque
582 3451 687 3517 verbis
707 3474 813 3535 neque
837 3451 935 3516 rebus
960 3473 1034 3517 cum
1059 3451 1213 3517 Diodoro
1237 3475 1321 3531 con-7

196 3555 343 3620 veniunt.
387 3553 519 3619 Deinde
551 3555 648 3619 etiam
686 3553 980 3636 demonstrabitur,
1014 3552 1254 3619 Callisthenem
1284 3565 1317 3619 et

93 3743 95 3746 y
196 3657 401 3742 Diodorum,
434 3658 697 3742 quotiescunque
732 3655 863 3721 easdem
887 3678 940 3722 res
973 3667 1141 3740 enarrant,
1171 3657 1257 3723 inter
1279 3678 1316 3722 se

196 3761 338 3826 maxime
356 3759 541 3847 dissentire.

281 3862 413 3927 Etenim
443 3860 512 3926 duo
538 3861 680 3926 maxima
708 3857 921 3925 Callisthenis
953 3860 1140 3946 fragmenta
1166 3874 1242 3926 sunt
1275 3859 1317 3926 de

197 3964 324 4052 proelio
343 3962 433 4050 apud
450 3963 558 4029 Issum
578 3961 755 4028 commisso
775 3971 809 4027 et
828 3961 868 4026 de
887 3961 1100 4047 expeditione
1117 3963 1162 4026 ad
1176 3967 1316 4057 ¹Ammo-

287 4187 308 4255 ¹)
327 4189 359 4242 cl.
370 4188 456 4242 euru:
474 4187 606 4250 Abulites,
627 4187 743 4252 regionis
761 4187 816 4237 sius
834 4187 990 4252 praefectus,
1013 4187 1084 4239 sire
1100 4186 1177 4238 Darii
1191 4188 1269 4250 iussu,
1288 4195 1318 4238 nt

196 4274 377 4326 Alexandrum
387 4272 524 4335 retineret,
533 4273 602 4331 siva
612 4281 705 4342 sponte
763 4270 1007 4336 misittraditnrutn
1016 4272 1145 4328 sanrbcm
1153 4274 1315 4340 promittens.
